
@book{Nyquist-shannon,
  title={"Numerical Recipies in C. Cambridge"},
  author={ "W H Press and S A Teukolsky and W T Vetterling"},
  year={1992},
  publisher={Cambridge, UK}
}
@article{KAGRA:2018plz,
    author = "Akutsu, T. and others",
    collaboration = "KAGRA",
    title = "{KAGRA: 2.5 Generation Interferometric Gravitational Wave Detector}",
    eprint = "1811.08079",
    archivePrefix = "arXiv",
    primaryClass = "gr-qc",
    reportNumber = "JGW-P1809243",
    doi = "10.1038/s41550-018-0658-y",
    journal = "Nature Astron.",
    volume = "3",
    number = "1",
    pages = "35--40",
    year = "2019"
}
@article{Dooley:2015fpa,
    author = "Dooley, K. L. and others",
    title = "{GEO 600 and the GEO-HF upgrade program: successes and challenges}",
    eprint = "1510.00317",
    archivePrefix = "arXiv",
    primaryClass = "physics.ins-det",
    doi = "10.1088/0264-9381/33/7/075009",
    journal = "Class. Quant. Grav.",
    volume = "33",
    pages = "075009",
    year = "2016"
}
@article{Kondrashov:2008zr,
    author = "Kondrashov, I. S. and Simakov, D. A. and Khalili, F. Ya. and Danilishin, S. L.",
    title = "{Optimizing the regimes of Advanced LIGO gravitational wave detector for multiple source types}",
    eprint = "0806.1505",
    archivePrefix = "arXiv",
    primaryClass = "gr-qc",
    doi = "10.1103/PhysRevD.78.062004",
    journal = "Phys. Rev. D",
    volume = "78",
    pages = "062004",
    year = "2008"
}
@article{eLISA:2013xep,
    author = "Seoane, Pau Amaro and others",
    collaboration = "eLISA",
    title = "{The Gravitational Universe}",
    eprint = "1305.5720",
    archivePrefix = "arXiv",
    primaryClass = "astro-ph.CO",
    month = "5",
    year = "2013"
}
@article{LISA:2017pwj,
    author = "Amaro-Seoane, Pau and others",
    collaboration = "LISA",
    title = "{Laser Interferometer Space Antenna}",
    eprint = "1702.00786",
    archivePrefix = "arXiv",
    primaryClass = "astro-ph.IM",
    month = "2",
    year = "2017"
}
@article{McNamara:2008zz,
    author = "McNamara, P. and Vitale, S. and Danzmann, K.",
    editor = "Scott, Susan M. and McClelland, David E.",
    collaboration = "LISA",
    title = "{LISA Pathfinder}",
    doi = "10.1088/0264-9381/25/11/114034",
    journal = "Class. Quant. Grav.",
    volume = "25",
    pages = "114034",
    year = "2008"
}
@article{Armano:2016bkm,
    author = "Armano, M. and others",
    title = "{Sub-Femto- g Free Fall for Space-Based Gravitational Wave Observatories: LISA Pathfinder Results}",
    doi = "10.1103/PhysRevLett.116.231101",
    journal = "Phys. Rev. Lett.",
    volume = "116",
    number = "23",
    pages = "231101",
    year = "2016"
}
@article{TianQin:2015yph,
    author = "Luo, Jun and others",
    collaboration = "TianQin",
    title = "{TianQin: a space-borne gravitational wave detector}",
    eprint = "1512.02076",
    archivePrefix = "arXiv",
    primaryClass = "astro-ph.IM",
    doi = "10.1088/0264-9381/33/3/035010",
    journal = "Class. Quant. Grav.",
    volume = "33",
    number = "3",
    pages = "035010",
    year = "2016"
}
@article{Allen:2005fk,
    author = "Allen, Bruce and Anderson, Warren G. and Brady, Patrick R. and Brown, Duncan A. and Creighton, Jolien D. E.",
    title = "{FINDCHIRP: An Algorithm for detection of gravitational waves from inspiraling compact binaries}",
    eprint = "gr-qc/0509116",
    archivePrefix = "arXiv",
    doi = "10.1103/PhysRevD.85.122006",
    journal = "Phys. Rev. D",
    volume = "85",
    pages = "122006",
    year = "2012"
}
@article{Schutz:2011tw,
    author = "Schutz, Bernard F.",
    title = "{Networks of gravitational wave detectors and three figures of merit}",
    eprint = "1102.5421",
    archivePrefix = "arXiv",
    primaryClass = "astro-ph.IM",
    reportNumber = "AEI-2011-008",
    doi = "10.1088/0264-9381/28/12/125023",
    journal = "Class. Quant. Grav.",
    volume = "28",
    pages = "125023",
    year = "2011"
}
@article{Cabero:2019orq,
    author = "Cabero, Miriam and others",
    title = "{Blip glitches in Advanced LIGO data}",
    eprint = "1901.05093",
    archivePrefix = "arXiv",
    primaryClass = "physics.ins-det",
    doi = "10.1088/1361-6382/ab2e14",
    journal = "Class. Quant. Grav.",
    volume = "36",
    number = "15",
    pages = "15",
    year = "2019"
}
@article{KAGRA:2013rdx,
    author = "Abbott, B. P. and others",
    collaboration = "KAGRA, LIGO Scientific, Virgo, VIRGO",
    title = "{Prospects for observing and localizing gravitational-wave transients with Advanced LIGO, Advanced Virgo and KAGRA}",
    eprint = "1304.0670",
    archivePrefix = "arXiv",
    primaryClass = "gr-qc",
    reportNumber = "LIGO-P1200087, VIR-0288A-12, JGW-P1808427",
    doi = "10.1007/s41114-020-00026-9",
    journal = "Living Rev. Rel.",
    volume = "21",
    number = "1",
    pages = "3",
    year = "2018"
}

@article{Evans:2021gyd,
    author = "Evans, Matthew and others",
    title = "{A Horizon Study for Cosmic Explorer: Science, Observatories, and Community}",
    eprint = "2109.09882",
    archivePrefix = "arXiv",
    primaryClass = "astro-ph.IM",
    reportNumber = "CE-P2100003-v7, Cosmic Explorer technical report CE-P2100003-v6",
    month = "9",
    year = "2021"
}

@article{Punturo:2010zz,
    author = "Punturo, M. and others",
    editor = "Ricci, Fulvio",
    title = "{The Einstein Telescope: A third-generation gravitational wave observatory}",
    doi = "10.1088/0264-9381/27/19/194002",
    journal = "Class. Quant. Grav.",
    volume = "27",
    pages = "194002",
    year = "2010"
}
@article{Hild:2010id,
    author = "Hild, S. and others",
    title = "{Sensitivity Studies for Third-Generation Gravitational Wave Observatories}",
    eprint = "1012.0908",
    archivePrefix = "arXiv",
    primaryClass = "gr-qc",
    doi = "10.1088/0264-9381/28/9/094013",
    journal = "Class. Quant. Grav.",
    volume = "28",
    pages = "094013",
    year = "2011"
}
@article{Gupta:2023lga,
    author = "Gupta, Ish and others",
    title = "{Characterizing Gravitational Wave Detector Networks: From A$^\sharp$ to Cosmic Explorer}",
    eprint = "2307.10421",
    archivePrefix = "arXiv",
    primaryClass = "gr-qc",
    reportNumber = "CE Document No. P2300019-v2",
    month = "7",
    year = "2023"
}
@misc{Asharp,
    title = "Report of the LSC Post-O5 Study Group",
    author = "P. Fritschel and others ",
    url = "https://dcc.ligo.org/LIGO-T2200287/public",
    pages = "71",
    year = "2022"
}
@article{Cooley-Tukey,
 ISSN = {00255718, 10886842},
 URL = {http://www.jstor.org/stable/2003354},
 author = {James W. Cooley and John W. Tukey},
 journal = {Mathematics of Computation},
 number = {90},
 pages = {297--301},
 publisher = {American Mathematical Society},
 title = {An Algorithm for the Machine Calculation of Complex Fourier Series},
 urldate = {2024-01-03},
 volume = {19},
 year = {1965}
}
@article{Wainstein1963,
  title = {Extraction of Signals from Noise},
  volume = {31},
  ISSN = {1943-2909},
  url = {http://dx.doi.org/10.1119/1.1969250},
  DOI = {10.1119/1.1969250},
  number = {1},
  journal = {American Journal of Physics},
  publisher = {American Association of Physics Teachers (AAPT)},
  author = {Wainstein,  L. A. and Zubakov,  V. D. and Mullin,  Albert A.},
  year = {1963},
  month = jan,
  pages = {68â€“68}
}
@article{Michelson:1887zz,
    author = "Michelson, Albert Abraham and Morley, Edward Williams",
    title = "{On the Relative Motion of the Earth and the Luminiferous Ether}",
    doi = "10.2475/ajs.s3-34.203.333",
    journal = "Am. J. Sci.",
    volume = "34",
    pages = "333--345",
    year = "1887"
}
@article{Meers:1988wp,
    author = "Meers, B. J.",
    title = "{Recycling in Laser Interferometric Gravitational Wave Detectors}",
    doi = "10.1103/PhysRevD.38.2317",
    journal = "Phys. Rev. D",
    volume = "38",
    pages = "2317--2326",
    year = "1988"
}
@article{Buonanno:2001cj,
    author = "Buonanno, Alessandra and Chen, Yan-bei",
    title = "{Quantum noise in second generation, signal recycled laser interferometric gravitational wave detectors}",
    eprint = "gr-qc/0102012",
    archivePrefix = "arXiv",
    reportNumber = "GRP-00-553",
    doi = "10.1103/PhysRevD.64.042006",
    journal = "Phys. Rev. D",
    volume = "64",
    pages = "042006",
    year = "2001"
}
@article{Oelker2016,
  title = {Ultra-low phase noise squeezed vacuum source for gravitational wave detectors},
  volume = {3},
  ISSN = {2334-2536},
  url = {http://dx.doi.org/10.1364/OPTICA.3.000682},
  DOI = {10.1364/optica.3.000682},
  number = {7},
  journal = {Optica},
  publisher = {The Optical Society},
  author = {Oelker,  E. and Mansell,  G. and Tse,  M. and Miller,  J. and Matichard,  F. and Barsotti,  L. and Fritschel,  P. and McClelland,  D. E. and Evans,  M. and Mavalvala,  N.},
  year = {2016},
  month = jun,
  pages = {682}
}
@article{Tse2019,
  title = {Quantum-Enhanced Advanced LIGO Detectors in the Era of Gravitational-Wave Astronomy},
  volume = {123},
  ISSN = {1079-7114},
  url = {http://dx.doi.org/10.1103/PhysRevLett.123.231107},
  DOI = {10.1103/physrevlett.123.231107},
  number = {23},
  journal = {Physical Review Letters},
  publisher = {American Physical Society (APS)},
  author = {Tse,  M. and others},
  year = {2019},
  month = dec 
}
@article{Cole:2023sak,
    author = "Cole, G. D. and others",
    title = "{Substrate-transferred GaAs/AlGaAs crystalline coatings for gravitational-wave detectors: A review of the state of the art}",
    eprint = "2301.02687",
    archivePrefix = "arXiv",
    primaryClass = "physics.optics",
    doi = "10.1063/5.0140663",
    month = "1",
    year = "2023"
}
@article{Steinlechner:2018crl,
    author = "Steinlechner, J.",
    title = "{Development of mirror coatings for gravitational-wave detectors}",
    doi = "10.1098/rsta.2017.0282",
    journal = "Phil. Trans. Roy. Soc. Lond. A",
    volume = "376",
    number = "2120",
    pages = "20170282",
    year = "2018"
}
@article{Aston:2012ona,
    author = "Aston, S. M. and others",
    title = "{Update on quadruple suspension design for Advanced LIGO}",
    doi = "10.1088/0264-9381/29/23/235004",
    journal = "Class. Quant. Grav.",
    volume = "29",
    number = "23",
    pages = "235004",
    year = "2012"
}
@article{Braginsky:2003yhs,
    author = "Braginsky, V. B. and Vyatchanin, S. P.",
    title = "{Thermodynamical fluctuations in optical mirror coatings}",
    eprint = "cond-mat/0302617",
    archivePrefix = "arXiv",
    doi = "10.1016/S0375-9601(03)00473-0",
    journal = "Phys. Lett. A",
    volume = "312",
    pages = "244--255",
    year = "2003"
}
@article{Levin:1997kv,
    author = "Levin, Yu.",
    title = "{Internal thermal noise in the LIGO test masses: A Direct approach}",
    eprint = "gr-qc/9707013",
    archivePrefix = "arXiv",
    doi = "10.1103/PhysRevD.57.659",
    journal = "Phys. Rev. D",
    volume = "57",
    pages = "659--663",
    year = "1998"
}
@article{Daw:2004qd,
    author = "Daw, E. J. and Giaime, J. A. and Lormand, D. and Lubinski, M. and Zweizig, J.",
    title = "{Long term study of the seismic environment at LIGO}",
    eprint = "gr-qc/0403046",
    archivePrefix = "arXiv",
    doi = "10.1088/0264-9381/21/9/003",
    journal = "Class. Quant. Grav.",
    volume = "21",
    pages = "2255--2273",
    year = "2004"
}
@article{Harms:2015zma,
    author = "Harms, Jan",
    title = "{Terrestrial Gravity Fluctuations}",
    eprint = "1507.05850",
    archivePrefix = "arXiv",
    primaryClass = "gr-qc",
    doi = "10.1007/lrr-2015-3",
    journal = "Living Rev. Rel.",
    volume = "18",
    pages = "3",
    year = "2015"
}
@article{Saulson:1984yg,
    author = "Saulson, Peter R.",
    title = "{TERRESTRIAL GRAVITATIONAL NOISE ON A GRAVITATIONAL WAVE ANTENNA}",
    doi = "10.1103/PhysRevD.30.732",
    journal = "Phys. Rev. D",
    volume = "30",
    pages = "732--736",
    year = "1984"
}
@article{Harms:2020uyc,
    author = "Harms, Jan and Bonilla, Edgard and Coughlin, Michael and Driggers, Jenne and Dwyer, Sheila and McManus, David and Ross, Michael and Slagmolen, Bram and Venkateswara, Krishna",
    title = "{Observation of a potential future sensitivity limitation from ground motion at LIGO Hanford}",
    eprint = "2001.10889",
    archivePrefix = "arXiv",
    primaryClass = "gr-qc",
    doi = "10.1103/PhysRevD.101.102002",
    journal = "Phys. Rev. D",
    volume = "101",
    number = "10",
    pages = "102002",
    year = "2020"
}
@article{Sun:2020wke,
    author = "Sun, Ling and others",
    title = "{Characterization of systematic error in Advanced LIGO calibration}",
    eprint = "2005.02531",
    archivePrefix = "arXiv",
    primaryClass = "astro-ph.IM",
    doi = "10.1088/1361-6382/abb14e",
    journal = "Class. Quant. Grav.",
    volume = "37",
    number = "22",
    pages = "225008",
    year = "2020"
}
@article{Davis:2018yrz,
    author = "Davis, D. and Massinger, T. J. and Lundgren, A. P. and Driggers, J. C. and Urban, A. L. and Nuttall, L. K.",
    title = "{Improving the Sensitivity of Advanced LIGO Using Noise Subtraction}",
    eprint = "1809.05348",
    archivePrefix = "arXiv",
    primaryClass = "astro-ph.IM",
    doi = "10.1088/1361-6382/ab01c5",
    journal = "Class. Quant. Grav.",
    volume = "36",
    number = "5",
    pages = "055011",
    year = "2019"
}
@article{LIGO:2021ppb,
    author = "Davis, Derek and others",
    collaboration = "LIGO",
    title = "{LIGO detector characterization in the second and third observing runs}",
    eprint = "2101.11673",
    archivePrefix = "arXiv",
    primaryClass = "astro-ph.IM",
    reportNumber = "P2000495",
    doi = "10.1088/1361-6382/abfd85",
    journal = "Class. Quant. Grav.",
    volume = "38",
    number = "13",
    pages = "135014",
    year = "2021"
}
