@article{aLIGO:2020wna,
    author = "Buikema, Aaron and others",
    collaboration = "aLIGO",
    title = "{Sensitivity and performance of the Advanced LIGO detectors in the third observing run}",
    eprint = "2008.01301",
    archivePrefix = "arXiv",
    primaryClass = "astro-ph.IM",
    doi = "10.1103/PhysRevD.102.062003",
    journal = "Phys. Rev. D",
    volume = "102",
    number = "6",
    pages = "062003",
    year = "2020"
}
