@article{LIGOScientific:2014pky,
    author = "Aasi, J. and others",
    collaboration = "LIGO Scientific",
    title = "{Advanced LIGO}",
    eprint = "1411.4547",
    archivePrefix = "arXiv",
    primaryClass = "gr-qc",
    doi = "10.1088/0264-9381/32/7/074001",
    journal = "Class. Quant. Grav.",
    volume = "32",
    pages = "074001",
    year = "2015"
}

@article{Acernese:2015gua,
    author = "Acernese, F.",
    editor = "Ciani, Giacomo and Conklin, John W. and Mueller, Guido",
    collaboration = "Virgo",
    title = "{The Advanced Virgo detector}",
    doi = "10.1088/1742-6596/610/1/012014",
    journal = "J. Phys. Conf. Ser.",
    volume = "610",
    number = "1",
    pages = "012014",
    year = "2015"
}
@article{Belczynski:2015tba,
    author = "Belczynski, Krzysztof and Repetto, Serena and Holz, Daniel E. and O'Shaughnessy, Richard and Bulik, Tomasz and Berti, Emanuele and Fryer, Christopher and Dominik, Michal",
    title = "{Compact Binary Merger Rates: Comparison with LIGO/Virgo Upper Limits}",
    eprint = "1510.04615",
    archivePrefix = "arXiv",
    primaryClass = "astro-ph.HE",
    doi = "10.3847/0004-637X/819/2/108",
    journal = "Astrophys. J.",
    volume = "819",
    number = "2",
    pages = "108",
    year = "2016"
}
@article{LIGOScientific:2016vpg,
    author = "Abbott, B. P. and others",
    collaboration = "LIGO Scientific, Virgo",
    title = "{Astrophysical Implications of the Binary Black-Hole Merger GW150914}",
    eprint = "1602.03846",
    archivePrefix = "arXiv",
    primaryClass = "astro-ph.HE",
    reportNumber = "LIGO-P1500262",
    doi = "10.3847/2041-8205/818/2/L22",
    journal = "Astrophys. J. Lett.",
    volume = "818",
    number = "2",
    pages = "L22",
    year = "2016"
}
@article{Zevin:2021rtf,
    author = "Zevin, Michael and Romero-Shaw, Isobel M. and Kremer, Kyle and Thrane, Eric and Lasky, Paul D.",
    title = "{Implications of Eccentric Observations on Binary Black Hole Formation Channels}",
    eprint = "2106.09042",
    archivePrefix = "arXiv",
    primaryClass = "astro-ph.HE",
    doi = "10.3847/2041-8213/ac32dc",
    journal = "Astrophys. J. Lett.",
    volume = "921",
    number = "2",
    pages = "L43",
    year = "2021"
}
@article{Romero-Shaw:2021ual,
    author = "Romero-Shaw, Isobel M. and Lasky, Paul D. and Thrane, Eric",
    title = "{Signs of Eccentricity in Two Gravitational-wave Signals May Indicate a Subpopulation of Dynamically Assembled Binary Black Holes}",
    eprint = "2108.01284",
    archivePrefix = "arXiv",
    primaryClass = "astro-ph.HE",
    doi = "10.3847/2041-8213/ac3138",
    journal = "Astrophys. J. Lett.",
    volume = "921",
    number = "2",
    pages = "L31",
    year = "2021"
}

@article{Landry:2021hvl,
    author = "Landry, Philippe and Read, Jocelyn S.",
    title = "{The Mass Distribution of Neutron Stars in Gravitational-wave Binaries}",
    eprint = "2107.04559",
    archivePrefix = "arXiv",
    primaryClass = "astro-ph.HE",
    doi = "10.3847/2041-8213/ac2f3e",
    journal = "Astrophys. J. Lett.",
    volume = "921",
    number = "2",
    pages = "L25",
    year = "2021"
}
@article{Wang:2020jsx,
    author = "Wang, Huiyi and Stephan, Alexander P. and Naoz, Smadar and Hoang, Bao-Minh and Breivik, Katelyn",
    title = "{Gravitational-wave Signatures from Compact Object Binaries in the Galactic Center}",
    eprint = "2010.15841",
    archivePrefix = "arXiv",
    primaryClass = "astro-ph.HE",
    doi = "10.3847/1538-4357/ac088d",
    journal = "Astrophys. J.",
    volume = "917",
    number = "2",
    pages = "76",
    year = "2021"
}
@article{Hamers:2019oeq,
    author = "Hamers, Adrian S. and Thompson, Todd A.",
    title = "{Double neutron star mergers from hierarchical triple-star systems}",
    eprint = "1907.08297",
    archivePrefix = "arXiv",
    primaryClass = "astro-ph.HE",
    doi = "10.3847/1538-4357/ab3b06",
    month = "7",
    year = "2019"
}

@article{Belczynski:2001uc,
    author = "Belczynski, Krzysztof and Kalogera, Vassiliki and Bulik, Tomasz",
    title = "{A Comprehensive study of binary compact objects as gravitational wave sources: Evolutionary channels, rates, and physical properties}",
    eprint = "astro-ph/0111452",
    archivePrefix = "arXiv",
    doi = "10.1086/340304",
    journal = "Astrophys. J.",
    volume = "572",
    pages = "407--431",
    year = "2001"
}

@article{Sedda:2020wzl,
    author = "Sedda, Manuel Arca",
    title = "{Dissecting the properties of neutron star - black hole mergers originating in dense star clusters}",
    eprint = "2003.02279",
    archivePrefix = "arXiv",
    primaryClass = "astro-ph.GA",
    doi = "10.1038/s42005-020-0310-x",
    journal = "Commun. Phys.",
    volume = "3",
    pages = "43",
    year = "2020"
}
@article{Trani:2021tan,
    author = "Trani, Alessandro Alberto and Rastello, Sara and Di Carlo, Ugo N. and Santoliquido, Filippo and Tanikawa, Ataru and Mapelli, Michela",
    title = "{Compact object mergers in hierarchical triples from low-mass young star clusters}",
    eprint = "2111.06388",
    archivePrefix = "arXiv",
    primaryClass = "astro-ph.HE",
    doi = "10.1093/mnras/stac122",
    journal = "Mon. Not. Roy. Astron. Soc.",
    volume = "511",
    number = "1",
    pages = "1362--1372",
    year = "2022"
}
@article{Fragione:2018yrb,
    author = "Fragione, Giacomo and Grishin, Evgeni and Leigh, Nathan W. C. and Perets, Hagai. B. and Perna, Rosalba",
    title = "{Black hole and neutron star mergers in galactic nuclei}",
    eprint = "1811.10627",
    archivePrefix = "arXiv",
    primaryClass = "astro-ph.GA",
    doi = "10.1093/mnras/stz1651",
    journal = "Mon. Not. Roy. Astron. Soc.",
    volume = "488",
    number = "1",
    pages = "47--63",
    year = "2019"
}
@article{Belczynski:2017mqx,
    author = "Belczynski, K. and others",
    title = "{The origin of the first neutron star \textendash{} neutron star merger}",
    eprint = "1712.00632",
    archivePrefix = "arXiv",
    primaryClass = "astro-ph.HE",
    doi = "10.1051/0004-6361/201732428",
    journal = "Astron. Astrophys.",
    volume = "615",
    pages = "A91",
    year = "2018"
}
@article{Vesperini:2010zi,
    author = "Vesperini, Enrico and McMillan, Stephen L. W. and D'Ercole, Annibale and D'Antona, Francesca",
    title = "{Intermediate-Mass Black Holes in Early Globular Clusters}",
    eprint = "1003.3470",
    archivePrefix = "arXiv",
    primaryClass = "astro-ph.GA",
    doi = "10.1088/2041-8205/713/1/L41",
    journal = "Astrophys. J. Lett.",
    volume = "713",
    pages = "L41",
    year = "2010"
}
@article{Fragione:2018vty,
    author = "Fragione, Giacomo and Kocsis, Bence",
    title = "{Black hole mergers from an evolving population of globular clusters}",
    eprint = "1806.02351",
    archivePrefix = "arXiv",
    primaryClass = "astro-ph.GA",
    doi = "10.1103/PhysRevLett.121.161103",
    journal = "Phys. Rev. Lett.",
    volume = "121",
    number = "16",
    pages = "161103",
    year = "2018"
}
@article{Rodriguez:2017pec,
    author = "Rodriguez, Carl L. and Amaro-Seoane, Pau and Chatterjee, Sourav and Rasio, Frederic A.",
    title = "{Post-Newtonian Dynamics in Dense Star Clusters: Highly-Eccentric, Highly-Spinning, and Repeated Binary Black Hole Mergers}",
    eprint = "1712.04937",
    archivePrefix = "arXiv",
    primaryClass = "astro-ph.HE",
    doi = "10.1103/PhysRevLett.120.151101",
    journal = "Phys. Rev. Lett.",
    volume = "120",
    number = "15",
    pages = "151101",
    year = "2018"
}
@article{KAGRA:2021duu,
    author = "Abbott, R. and others",
    collaboration = "KAGRA, VIRGO, LIGO Scientific",
    title = "{Population of Merging Compact Binaries Inferred Using Gravitational Waves through GWTC-3}",
    eprint = "2111.03634",
    archivePrefix = "arXiv",
    primaryClass = "astro-ph.HE",
    reportNumber = "LIGO-P2100239 ; Data release: https://zenodo.org/record/5655785, LIGO-P2100239",
    doi = "10.1103/PhysRevX.13.011048",
    journal = "Phys. Rev. X",
    volume = "13",
    number = "1",
    pages = "011048",
    year = "2023"
}
@article{Capano:2019eae,
    author = "Capano, Collin D. and Tews, Ingo and Brown, Stephanie M. and Margalit, Ben and De, Soumi and Kumar, Sumit and Brown, Duncan A. and Krishnan, Badri and Reddy, Sanjay",
    title = "{Stringent constraints on neutron-star radii from multimessenger observations and nuclear theory}",
    eprint = "1908.10352",
    archivePrefix = "arXiv",
    primaryClass = "astro-ph.HE",
    reportNumber = "INT-PUB-19-037, LA-UR-19-28442",
    doi = "10.1038/s41550-020-1014-6",
    journal = "Nature Astron.",
    volume = "4",
    number = "6",
    pages = "625--632",
    year = "2020"
}
@article{LIGOScientific:2020tif,
    author = "Abbott, R. and others",
    collaboration = "LIGO Scientific, Virgo",
    title = "{Tests of general relativity with binary black holes from the second LIGO-Virgo gravitational-wave transient catalog}",
    eprint = "2010.14529",
    archivePrefix = "arXiv",
    primaryClass = "gr-qc",
    reportNumber = "LIGO-P2000091",
    doi = "10.1103/PhysRevD.103.122002",
    journal = "Phys. Rev. D",
    volume = "103",
    number = "12",
    pages = "122002",
    year = "2021"
}
@article{LIGOScientific:2021aug,
    author = "Abbott, R. and others",
    collaboration = "LIGO Scientific, Virgo, KAGRA",
    title = "{Constraints on the Cosmic Expansion History from GWTC\textendash{}3}",
    eprint = "2111.03604",
    archivePrefix = "arXiv",
    primaryClass = "astro-ph.CO",
    reportNumber = "LIGO-P2100185-v6, LIGO-P2100185-v5",
    doi = "10.3847/1538-4357/ac74bb",
    journal = "Astrophys. J.",
    volume = "949",
    number = "2",
    pages = "76",
    year = "2023"
}
@article{Klencki:2021hxe,
    author = "Klencki, Jakub and Istrate, Alina G. and Nelemans, Gijs and Pols, Onno",
    title = "{Partial-envelope stripping and nuclear-timescale mass transfer from evolved supergiants at low metallicity}",
    eprint = "2111.10271",
    archivePrefix = "arXiv",
    primaryClass = "astro-ph.SR",
    doi = "10.1051/0004-6361/202142701",
    journal = "Astron. Astrophys.",
    volume = "662",
    pages = "A56",
    year = "2022"
}
@article{Mennekens:2013dja,
    author = "Mennekens, N. and Vanbeveren, D.",
    title = "{Massive double compact object mergers: gravitational wave sources and r-process-element production sites}",
    eprint = "1307.0959",
    archivePrefix = "arXiv",
    primaryClass = "astro-ph.SR",
    doi = "10.1051/0004-6361/201322198",
    journal = "Astron. Astrophys.",
    volume = "564",
    pages = "A134",
    year = "2014"
}
@article{Mandel:2015qlu,
    author = "Mandel, Ilya and de Mink, Selma E.",
    title = "{Merging binary black holes formed through chemically homogeneous evolution in short-period stellar binaries}",
    eprint = "1601.00007",
    archivePrefix = "arXiv",
    primaryClass = "astro-ph.HE",
    doi = "10.1093/mnras/stw379",
    journal = "Mon. Not. Roy. Astron. Soc.",
    volume = "458",
    number = "3",
    pages = "2634--2647",
    year = "2016"
}
@article{Banerjee:2020qub,
    author = "Banerjee, Sambaran",
    title = "{Stellar-mass black holes in young massive and open stellar clusters \textendash{} V. comparisons with LIGO-Virgo merger rate densities}",
    eprint = "2011.07000",
    archivePrefix = "arXiv",
    primaryClass = "astro-ph.HE",
    doi = "10.1093/mnras/stab591",
    journal = "Mon. Not. Roy. Astron. Soc.",
    volume = "503",
    number = "3",
    pages = "3371--3385",
    year = "2021"
}
@article{Santoliquido:2020bry,
    author = "Santoliquido, Filippo and Mapelli, Michela and Bouffanais, Yann and Giacobbo, Nicola and Di Carlo, Ugo N. and Rastello, Sara and Artale, M. Celeste and Ballone, Alessandro",
    title = "{The cosmic merger rate density evolution of compact binaries formed in young star clusters and in isolated binaries}",
    eprint = "2004.09533",
    archivePrefix = "arXiv",
    primaryClass = "astro-ph.HE",
    doi = "10.3847/1538-4357/ab9b78",
    journal = "Astrophys. J.",
    volume = "898",
    number = "2",
    pages = "152",
    year = "2020"
}
@article{Bartos:2016dgn,
    author = "Bartos, Imre and Kocsis, Bence and Haiman, Zolt and M\'arka, Szabolcs",
    title = "{Rapid and Bright Stellar-mass Binary Black Hole Mergers in Active Galactic Nuclei}",
    eprint = "1602.03831",
    archivePrefix = "arXiv",
    primaryClass = "astro-ph.HE",
    doi = "10.3847/1538-4357/835/2/165",
    journal = "Astrophys. J.",
    volume = "835",
    number = "2",
    pages = "165",
    year = "2017"
}
@article{Tagawa:2020qll,
    author = "Tagawa, Hiromichi and Kocsis, Bence and Haiman, Zoltan and Bartos, Imre and Omukai, Kazuyuki and Samsing, Johan",
    title = "{Mass-gap Mergers in Active Galactic Nuclei}",
    eprint = "2012.00011",
    archivePrefix = "arXiv",
    primaryClass = "astro-ph.HE",
    doi = "10.3847/1538-4357/abd555",
    journal = "Astrophys. J.",
    volume = "908",
    number = "2",
    pages = "194",
    year = "2021"
}
@article{Hobbs:2005yx,
    author = "Hobbs, George and Lorimer, D. R. and Lyne, A. G. and Kramer, M.",
    title = "{A Statistical study of 233 pulsar proper motions}",
    eprint = "astro-ph/0504584",
    archivePrefix = "arXiv",
    doi = "10.1111/j.1365-2966.2005.09087.x",
    journal = "Mon. Not. Roy. Astron. Soc.",
    volume = "360",
    pages = "974--992",
    year = "2005"
}
@article{Verbunt:2017zqi,
    author = "Verbunt, Frank and Igoshev, Andrei and Cator, Eric",
    title = "{The observed velocity distribution of young pulsars}",
    eprint = "1708.08281",
    archivePrefix = "arXiv",
    primaryClass = "astro-ph.HE",
    doi = "10.1051/0004-6361/201731518",
    journal = "Astron. Astrophys.",
    volume = "608",
    pages = "A57",
    year = "2017"
}
@article{Peters:1964zz,
    author = "Peters, P. C.",
    title = "{Gravitational Radiation and the Motion of Two Point Masses}",
    doi = "10.1103/PhysRev.136.B1224",
    journal = "Phys. Rev.",
    volume = "136",
    pages = "B1224--B1232",
    year = "1964"
}
@article{LIDOV1962719,
title = {The evolution of orbits of artificial satellites of planets under the action of gravitational perturbations of external bodies},
journal = {Planetary and Space Science},
volume = {9},
number = {10},
pages = {719-759},
year = {1962},
issn = {0032-0633},
doi = {https://doi.org/10.1016/0032-0633(62)90129-0},
url = {https://www.sciencedirect.com/science/article/pii/0032063362901290},
author = {M.L. Lidov}
}
@article{Kozai:1962zz,
    author = "Kozai, Yoshihide",
    title = "{Secular perturbations of asteroids with high inclination and eccentricity}",
    doi = "10.1086/108790",
    journal = "Astron. J.",
    volume = "67",
    pages = "591--598",
    year = "1962"
}

@article{Antognini:2015loa,
    author = "Antognini, Joseph M. O.",
    title = "{Timescales of Kozai\textendash{}Lidov oscillations at quadrupole and octupole order in the test particle limit}",
    eprint = "1504.05957",
    archivePrefix = "arXiv",
    primaryClass = "astro-ph.EP",
    doi = "10.1093/mnras/stv1552",
    journal = "Mon. Not. Roy. Astron. Soc.",
    volume = "452",
    number = "4",
    pages = "3610--3619",
    year = "2015"
}
@article{Romero-Shaw:2022xko,
    author = "Romero-Shaw, Isobel M. and Lasky, Paul D. and Thrane, Eric",
    title = "{Four Eccentric Mergers Increase the Evidence that LIGO\textendash{}Virgo\textendash{}KAGRA\textquoteright{}s Binary Black Holes Form Dynamically}",
    eprint = "2206.14695",
    archivePrefix = "arXiv",
    primaryClass = "astro-ph.HE",
    doi = "10.3847/1538-4357/ac9798",
    journal = "Astrophys. J.",
    volume = "940",
    number = "2",
    pages = "171",
    year = "2022"
}
@article{Divyajyoti:2023rht,
    author = "Divyajyoti and Kumar, Sumit and Tibrewal, Snehal and Romero-Shaw, Isobel M. and Mishra, Chandra Kant",
    title = "{Blind spots and biases: the dangers of ignoring eccentricity in gravitational-wave signals from binary black holes}",
    eprint = "2309.16638",
    archivePrefix = "arXiv",
    primaryClass = "gr-qc",
    month = "9",
    year = "2023"
}
@article{Nitz:2019spj,
    author = "Nitz, Alexander H. and Lenon, Amber and Brown, Duncan A.",
    title = "{Search for Eccentric Binary Neutron Star Mergers in the first and second observing runs of Advanced LIGO}",
    eprint = "1912.05464",
    archivePrefix = "arXiv",
    primaryClass = "astro-ph.HE",
    doi = "10.3847/1538-4357/ab6611",
    journal = "Astrophys. J.",
    volume = "890",
    pages = "1",
    month = "12",
    year = "2019"
}
@article{Nitz:2021vqh,
    author = "Nitz, Alexander H. and Wang, Yi-Fan",
    title = "{Search for Gravitational Waves from the Coalescence of Subsolar-Mass Binaries in the First Half of Advanced LIGO and Virgo\textquoteright{}s Third Observing Run}",
    eprint = "2106.08979",
    archivePrefix = "arXiv",
    primaryClass = "astro-ph.HE",
    doi = "10.1103/PhysRevLett.127.151101",
    journal = "Phys. Rev. Lett.",
    volume = "127",
    number = "15",
    pages = "151101",
    year = "2021"
}
@article{LIGOScientific:2019dag,
    author = "Abbott, B. P. and others",
    collaboration = "LIGO Scientific, Virgo",
    title = "{Search for Eccentric Binary Black Hole Mergers with Advanced LIGO and Advanced Virgo during their First and Second Observing Runs}",
    eprint = "1907.09384",
    archivePrefix = "arXiv",
    primaryClass = "astro-ph.HE",
    reportNumber = "LIGO Document P1900110",
    doi = "10.3847/1538-4357/ab3c2d",
    journal = "Astrophys. J.",
    volume = "883",
    number = "2",
    pages = "149",
    year = "2019"
}
@article{LIGOScientific:2023lpe,
    author = "Abac, A. G. and others",
    collaboration = "LIGO Scientific, VIRGO, KAGRA",
    title = "{Search for Eccentric Black Hole Coalescences during the Third Observing Run of LIGO and Virgo}",
    eprint = "2308.03822",
    archivePrefix = "arXiv",
    primaryClass = "astro-ph.HE",
    reportNumber = "LIGO-P2300080",
    month = "8",
    year = "2023"
}
@article{Nitz:2017svb,
    author = "Nitz, Alexander H. and Dent, Thomas and Dal Canton, Tito and Fairhurst, Stephen and Brown, Duncan A.",
    title = "{Detecting binary compact-object mergers with gravitational waves: Understanding and Improving the sensitivity of the PyCBC search}",
    eprint = "1705.01513",
    archivePrefix = "arXiv",
    primaryClass = "gr-qc",
    reportNumber = "LIGO-P1700088-V4",
    doi = "10.3847/1538-4357/aa8f50",
    journal = "Astrophys. J.",
    volume = "849",
    number = "2",
    pages = "118",
    year = "2017"
}
@article{Nitz:2017lco,
    author = "Nitz, Alexander Harvey",
    title = "{Distinguishing short duration noise transients in LIGO data to improve the PyCBC search for gravitational waves from high mass binary black hole mergers}",
    eprint = "1709.08974",
    archivePrefix = "arXiv",
    primaryClass = "gr-qc",
    reportNumber = "LIGO-P1700275",
    doi = "10.1088/1361-6382/aaa13d",
    journal = "Class. Quant. Grav.",
    volume = "35",
    number = "3",
    pages = "035016",
    year = "2018"
}
@article{Allen:2004gu,
    author = "Allen, Bruce",
    title = "{${\chi}^{2}$ time-frequency discriminator for gravitational wave detection}",
    eprint = "gr-qc/0405045",
    archivePrefix = "arXiv",
    doi = "10.1103/PhysRevD.71.062001",
    journal = "Phys. Rev. D",
    volume = "71",
    pages = "062001",
    year = "2005"
}
@article{Davies:2020tsx,
    author = "Davies, Gareth S. and Dent, Thomas and T\'apai, M\'arton and Harry, Ian and McIsaac, Connor and Nitz, Alexander H.",
    title = "{Extending the PyCBC search for gravitational waves from compact binary mergers to a global network}",
    eprint = "2002.08291",
    archivePrefix = "arXiv",
    primaryClass = "astro-ph.HE",
    doi = "10.1103/PhysRevD.102.022004",
    journal = "Phys. Rev. D",
    volume = "102",
    number = "2",
    pages = "022004",
    year = "2020"
}
@article{Was:2009vh,
    author = "Was, Michal and Bizouard, Marie-Anne and Brisson, Violette and Cavalier, Fabien and Davier, Michel and Hello, Patrice and Leroy, Nicolas and Robinet, Florent and Vavoulidis, Miltiadis",
    title = "{On the background estimation by time slides in a network of gravitational wave detectors}",
    eprint = "0906.2120",
    archivePrefix = "arXiv",
    primaryClass = "gr-qc",
    doi = "10.1088/0264-9381/27/1/015005",
    journal = "Class. Quant. Grav.",
    volume = "27",
    pages = "015005",
    year = "2010"
}
@article{Moore:2016qxz,
    author = "Moore, Blake and Favata, Marc and Arun, K. G. and Mishra, Chandra Kant",
    title = "{Gravitational-wave phasing for low-eccentricity inspiralling compact binaries to 3PN order}",
    eprint = "1605.00304",
    archivePrefix = "arXiv",
    primaryClass = "gr-qc",
    reportNumber = "LIGO-DCC-P1500268",
    doi = "10.1103/PhysRevD.93.124061",
    journal = "Phys. Rev. D",
    volume = "93",
    number = "12",
    pages = "124061",
    year = "2016"
}
@article{Buonanno:2009zt,
    author = "Buonanno, Alessandra and Iyer, Bala and Ochsner, Evan and Pan, Yi and Sathyaprakash, B. S.",
    title = "{Comparison of post-Newtonian templates for compact binary inspiral signals in gravitational-wave detectors}",
    eprint = "0907.0700",
    archivePrefix = "arXiv",
    primaryClass = "gr-qc",
    doi = "10.1103/PhysRevD.80.084043",
    journal = "Phys. Rev. D",
    volume = "80",
    pages = "084043",
    year = "2009"
}
@article{Nitz:2021zwj,
    author = {Nitz, Alexander H. and Kumar, Sumit and Wang, Yi-Fan and Kastha, Shilpa and Wu, Shichao and Sch\"afer, Marlin and Dhurkunde, Rahul and Capano, Collin D.},
    title = "{4-OGC: Catalog of Gravitational Waves from Compact Binary Mergers}",
    eprint = "2112.06878",
    archivePrefix = "arXiv",
    primaryClass = "astro-ph.HE",
    doi = "10.3847/1538-4357/aca591",
    journal = "Astrophys. J.",
    volume = "946",
    number = "2",
    pages = "59",
    year = "2023"
}
@article{Biswas:2007ni,
    author = "Biswas, Rahul and Brady, Patrick R. and Creighton, Jolien D. E. and Fairhurst, Stephen",
    title = "{The Loudest event statistic: General formulation, properties and applications}",
    eprint = "0710.0465",
    archivePrefix = "arXiv",
    primaryClass = "gr-qc",
    doi = "10.1088/0264-9381/26/17/175009",
    journal = "Class. Quant. Grav.",
    volume = "26",
    pages = "175009",
    year = "2009",
    note = "[Erratum: Class.Quant.Grav. 30, 079502 (2013)]"
}

@software{github,
author = {Dhurkunde, Rahul},
month = {11},
title = {{Data Release: Eccentric search for Neutron star-black hole (NSBH) and binary neutron star (BNS) mergers within O3 advanced LIGO and advanced VIRGO data}},
howpublished = {\url{https://github.com/rahuldhurkunde/Eccentric-search-O3}},
version = {1.0.0},
year = {2023}
}

@article{Madau:2016jbv,
    author = "Madau, Piero and Fragos, Tassos",
    title = "{Radiation Backgrounds at Cosmic Dawn: X-Rays from Compact Binaries}",
    eprint = "1606.07887",
    archivePrefix = "arXiv",
    primaryClass = "astro-ph.GA",
    doi = "10.3847/1538-4357/aa6af9",
    journal = "Astrophys. J.",
    volume = "840",
    number = "1",
    pages = "39",
    year = "2017"
}
@article{Favata:2021vhw,
    author = "Favata, Marc and Kim, Chunglee and Arun, K. G. and Kim, JeongCho and Lee, Hyung Won",
    title = "{Constraining the orbital eccentricity of inspiralling compact binary systems with Advanced LIGO}",
    eprint = "2108.05861",
    archivePrefix = "arXiv",
    primaryClass = "gr-qc",
    reportNumber = "LIGO DCC P2100284",
    doi = "10.1103/PhysRevD.105.023003",
    journal = "Phys. Rev. D",
    volume = "105",
    number = "2",
    pages = "023003",
    year = "2022"
}
@online{CE_sensitivity,
    title         = {Cosmic Explorer Strain Sensitivity},
    year          = {2023},
    howpublished = {\url{https://dcc.cosmicexplorer.org/CE-T2000017}},
    note          = {Accessed: 07-03-2023},
    organization  = {Cosmic Explorer Consortium}
}

@online{Asharp_sensitivity,
    title         = {Asharp Strain Sensitivity},
    year          = {2023},
    howpublished = {\url{https://dcc.ligo.org/LIGO-T2300041/public}},
    note          = {Accessed: 27-01-2023},
    organization  = {LIGO Scientific Collaboration}
}

@article{Wu:2020zwr,
    author = "Wu, Shichao and Cao, Zhoujian and Zhu, Zong-Hong",
    title = "{Measuring the eccentricity of binary black holes in GWTC-1 by using the inspiral-only waveform}",
    eprint = "2002.05528",
    archivePrefix = "arXiv",
    primaryClass = "astro-ph.IM",
    doi = "10.1093/mnras/staa1176",
    journal = "Mon. Not. Roy. Astron. Soc.",
    volume = "495",
    number = "1",
    pages = "466--478",
    year = "2020"
}
@article{LIGOScientific:2021djp,
    author = "Abbott, R. and others",
    collaboration = "LIGO Scientific, VIRGO, KAGRA",
    title = "{GWTC-3: Compact Binary Coalescences Observed by LIGO and Virgo During the Second Part of the Third Observing Run}",
    eprint = "2111.03606",
    archivePrefix = "arXiv",
    primaryClass = "gr-qc",
    reportNumber = "LIGO-P2000318",
    month = "11",
    year = "2021"
}
@article{Olsen:2022pin,
    author = "Olsen, Seth and Venumadhav, Tejaswi and Mushkin, Jonathan and Roulet, Javier and Zackay, Barak and Zaldarriaga, Matias",
    title = "{New binary black hole mergers in the LIGO--Virgo O3a data}",
    eprint = "2201.02252",
    archivePrefix = "arXiv",
    primaryClass = "astro-ph.HE",
    month = "1",
    year = "2022"
}
@article{Essick:2020ghc,
    author = "Essick, Reed and Landry, Philippe",
    title = "{Discriminating between Neutron Stars and Black Holes with Imperfect Knowledge of the Maximum Neutron Star Mass}",
    eprint = "2007.01372",
    archivePrefix = "arXiv",
    primaryClass = "astro-ph.HE",
    doi = "10.3847/1538-4357/abbd3b",
    journal = "Astrophys. J.",
    volume = "904",
    number = "1",
    pages = "80",
    year = "2020"
}
@article{Legred:2021hdx,
    author = "Legred, Isaac and Chatziioannou, Katerina and Essick, Reed and Han, Sophia and Landry, Philippe",
    title = "{Impact of the PSR J0740+6620 radius constraint on the properties of high-density matter}",
    eprint = "2106.05313",
    archivePrefix = "arXiv",
    primaryClass = "astro-ph.HE",
    reportNumber = "N3AS-21-010, INT-PUB-21-014",
    doi = "10.1103/PhysRevD.104.063003",
    journal = "Phys. Rev. D",
    volume = "104",
    number = "6",
    pages = "063003",
    year = "2021"
}
@article{Mehta:2022pcn,
    author = "Mehta, Ajit Kumar and Buonanno, Alessandra and Cotesta, Roberto and Ghosh, Abhirup and Sennett, Noah and Steinhoff, Jan",
    title = "{Tests of general relativity with gravitational-wave observations using a flexible theory-independent method}",
    eprint = "2203.13937",
    archivePrefix = "arXiv",
    primaryClass = "gr-qc",
    reportNumber = "LIGO-P2200083-v2",
    doi = "10.1103/PhysRevD.107.044020",
    journal = "Phys. Rev. D",
    volume = "107",
    number = "4",
    pages = "044020",
    year = "2023"
}
@article{Mukherjee:2020hyn,
    author = "Mukherjee, Suvodip and Wandelt, Benjamin D. and Nissanke, Samaya M. and Silvestri, Alessandra",
    title = "{Accurate precision Cosmology with redshift unknown gravitational wave sources}",
    eprint = "2007.02943",
    archivePrefix = "arXiv",
    primaryClass = "astro-ph.CO",
    doi = "10.1103/PhysRevD.103.043520",
    journal = "Phys. Rev. D",
    volume = "103",
    number = "4",
    pages = "043520",
    year = "2021"
}
@article{Libanore:2020fim,
    author = "Libanore, S. and Artale, M. C. and Karagiannis, D. and Liguori, M. and Bartolo, N. and Bouffanais, Y. and Giacobbo, N. and Mapelli, M. and Matarrese, S.",
    title = "{Gravitational Wave mergers as tracers of Large Scale Structures}",
    eprint = "2007.06905",
    archivePrefix = "arXiv",
    primaryClass = "astro-ph.CO",
    doi = "10.1088/1475-7516/2021/02/035",
    journal = "JCAP",
    volume = "02",
    pages = "035",
    year = "2021"
}
@article{Vijaykumar:2020pzn,
    author = "Vijaykumar, Aditya and Saketh, M. V. S. and Kumar, Sumit and Ajith, Parameswaran and Choudhury, Tirthankar Roy",
    title = "{Probing the large scale structure using gravitational-wave observations of binary black holes}",
    eprint = "2005.01111",
    archivePrefix = "arXiv",
    primaryClass = "astro-ph.CO",
    month = "5",
    year = "2020"
}
@article{vandenHeuvel:2017pwp,
    author = "van den Heuvel, E. P. J. and Portegies Zwart, S. F. and de Mink, S. E.",
    title = "{Forming short-period Wolf\textendash{}Rayet X-ray binaries and double black holes through stable mass transfer}",
    eprint = "1701.02355",
    archivePrefix = "arXiv",
    primaryClass = "astro-ph.SR",
    doi = "10.1093/mnras/stx1430",
    journal = "Mon. Not. Roy. Astron. Soc.",
    volume = "471",
    number = "4",
    pages = "4256--4264",
    year = "2017"
}
@article{Marchant:2016wow,
    author = "Marchant, Pablo and Langer, Norbert and Podsiadlowski, Philipp and Tauris, Thomas M. and Moriya, Takashi J.",
    title = "{A new route towards merging massive black holes}",
    eprint = "1601.03718",
    archivePrefix = "arXiv",
    primaryClass = "astro-ph.SR",
    doi = "10.1051/0004-6361/201628133",
    journal = "Astron. Astrophys.",
    volume = "588",
    pages = "A50",
    year = "2016"
}


@article{Marchant:2021hiv,
    author = {Marchant, Pablo and Pappas, Kaliro\"e M. W. and Gallegos-Garcia, Monica and Berry, Christopher P. L. and Taam, Ronald E. and Kalogera, Vicky and Podsiadlowski, Philipp},
    title = "{The role of mass transfer and common envelope evolution in the formation of merging binary black holes}",
    eprint = "2103.09243",
    archivePrefix = "arXiv",
    primaryClass = "astro-ph.SR",
    doi = "10.1051/0004-6361/202039992",
    journal = "Astron. Astrophys.",
    volume = "650",
    pages = "A107",
    year = "2021"
}
@article{Ford:2021kcw,
    author = "Ford, K. E. Saavik and McKernan, Barry",
    title = "{Binary black hole merger rates in AGN discs versus nuclear star clusters: loud beats quiet}",
    eprint = "2109.03212",
    archivePrefix = "arXiv",
    primaryClass = "astro-ph.HE",
    doi = "10.1093/mnras/stac2861",
    journal = "Mon. Not. Roy. Astron. Soc.",
    volume = "517",
    number = "4",
    pages = "5827--5834",
    year = "2022"
}
@article{Silsbee:2016djf,
    author = "Silsbee, Kedron and Tremaine, Scott",
    title = "{Lidov-Kozai Cycles with Gravitational Radiation: Merging Black Holes in Isolated Triple Systems}",
    eprint = "1608.07642",
    archivePrefix = "arXiv",
    primaryClass = "astro-ph.HE",
    doi = "10.3847/1538-4357/aa5729",
    journal = "Astrophys. J.",
    volume = "836",
    number = "1",
    pages = "39",
    year = "2017"
}
@article{Rodriguez:2018jqu,
    author = "Rodriguez, Carl L. and Antonini, Fabio",
    title = "{A Triple Origin for the Heavy and Low-Spin Binary Black Holes Detected by LIGO/Virgo}",
    eprint = "1805.08212",
    archivePrefix = "arXiv",
    primaryClass = "astro-ph.HE",
    doi = "10.3847/1538-4357/aacea4",
    journal = "Astrophys. J.",
    volume = "863",
    number = "1",
    pages = "7",
    year = "2018"
}
@article{Petrovich:2017otm,
    author = "Petrovich, Cristobal and Antonini, Fabio",
    title = "{Greatly enhanced merger rates of compact-object binaries in non-spherical nuclear star clusters}",
    eprint = "1705.05848",
    archivePrefix = "arXiv",
    primaryClass = "astro-ph.HE",
    doi = "10.3847/1538-4357/aa8628",
    journal = "Astrophys. J.",
    volume = "846",
    number = "2",
    pages = "146",
    year = "2017"
}
@article{Richards:2022fnq,
    author = "Richards, S. M. and Eldridge, J. J. and Briel, M. M. and Stevance, H. F. and Willcox, R.",
    title = "{New constraints on the Bray conservation-of-momentum natal kick model from multiple distinct observations}",
    eprint = "2208.02407",
    archivePrefix = "arXiv",
    primaryClass = "astro-ph.HE",
    doi = "10.1093/mnras/stad977",
    journal = "Mon. Not. Roy. Astron. Soc.",
    volume = "522",
    number = "3",
    pages = "3972--3985",
    year = "2023"
}
@article{Tiwari:2017ndi,
    author = "Tiwari, Vaibhav",
    title = "{Estimation of the Sensitive Volume for Gravitational-wave Source Populations Using Weighted Monte Carlo Integration}",
    eprint = "1712.00482",
    archivePrefix = "arXiv",
    primaryClass = "astro-ph.HE",
    doi = "10.1088/1361-6382/aac89d",
    journal = "Class. Quant. Grav.",
    volume = "35",
    number = "14",
    pages = "145009",
    year = "2018"
}
@article{Zhu:2020ffa,
    author = "Zhu, Jin-Ping and others",
    title = "{Kilonova Emission from Black Hole\textendash{}Neutron Star Mergers. II. Luminosity Function and Implications for Target-of-opportunity Observations of Gravitational-wave Triggers and Blind Searches}",
    eprint = "2011.02717",
    archivePrefix = "arXiv",
    primaryClass = "astro-ph.HE",
    doi = "10.3847/1538-4357/abfe5e",
    journal = "Astrophys. J.",
    volume = "917",
    number = "1",
    pages = "24",
    year = "2021"
}
@article{Lenon:2020oza,
    author = "Lenon, Amber K. and Nitz, Alexander H. and Brown, Duncan A.",
    title = "{Measuring the eccentricity of GW170817 and GW190425}",
    eprint = "2005.14146",
    archivePrefix = "arXiv",
    primaryClass = "astro-ph.HE",
    doi = "10.1093/mnras/staa2120",
    journal = "Mon. Not. Roy. Astron. Soc.",
    volume = "497",
    number = "2",
    pages = "1966--1971",
    year = "2020"
}
@article{LIGOScientific:2020aai,
    author = "Abbott, B. P. and others",
    collaboration = "LIGO Scientific, Virgo",
    title = "{GW190425: Observation of a Compact Binary Coalescence with Total Mass $\sim 3.4 M_{\odot}$}",
    eprint = "2001.01761",
    archivePrefix = "arXiv",
    primaryClass = "astro-ph.HE",
    reportNumber = "LIGO-P190425",
    doi = "10.3847/2041-8213/ab75f5",
    journal = "Astrophys. J. Lett.",
    volume = "892",
    number = "1",
    pages = "L3",
    year = "2020"
}
@article{LIGOScientific:2017vwq,
    author = "Abbott, B. P. and others",
    collaboration = "LIGO Scientific, Virgo",
    title = "{GW170817: Observation of Gravitational Waves from a Binary Neutron Star Inspiral}",
    eprint = "1710.05832",
    archivePrefix = "arXiv",
    primaryClass = "gr-qc",
    reportNumber = "LIGO-P170817",
    doi = "10.1103/PhysRevLett.119.161101",
    journal = "Phys. Rev. Lett.",
    volume = "119",
    number = "16",
    pages = "161101",
    year = "2017"
}
@article{LIGOScientific:2021qlt,
    author = "Abbott, R. and others",
    collaboration = "LIGO Scientific, KAGRA, VIRGO",
    title = "{Observation of Gravitational Waves from Two Neutron Star\textendash{}Black Hole Coalescences}",
    eprint = "2106.15163",
    archivePrefix = "arXiv",
    primaryClass = "astro-ph.HE",
    reportNumber = "LIGO Document P2000357",
    doi = "10.3847/2041-8213/ac082e",
    journal = "Astrophys. J. Lett.",
    volume = "915",
    number = "1",
    pages = "L5",
    year = "2021"
}
@article{Lenon:2021zac,
    author = "Lenon, Amber K. and Brown, Duncan A. and Nitz, Alexander H.",
    title = "{Eccentric binary neutron star search prospects for Cosmic Explorer}",
    eprint = "2103.14088",
    archivePrefix = "arXiv",
    primaryClass = "astro-ph.HE",
    doi = "10.1103/PhysRevD.104.063011",
    journal = "Phys. Rev. D",
    volume = "104",
    number = "6",
    pages = "063011",
    year = "2021"
}
@article{Lower:2018seu,
    author = "Lower, Marcus E. and Thrane, Eric and Lasky, Paul D. and Smith, Rory",
    title = "{Measuring eccentricity in binary black hole inspirals with gravitational waves}",
    eprint = "1806.05350",
    archivePrefix = "arXiv",
    primaryClass = "astro-ph.HE",
    doi = "10.1103/PhysRevD.98.083028",
    journal = "Phys. Rev. D",
    volume = "98",
    number = "8",
    pages = "083028",
    year = "2018"
}
@article{Zevin:2020gbd,
    author = "Zevin, Michael and Bavera, Simone S. and Berry, Christopher P. L. and Kalogera, Vicky and Fragos, Tassos and Marchant, Pablo and Rodriguez, Carl L. and Antonini, Fabio and Holz, Daniel E. and Pankow, Chris",
    title = "{One Channel to Rule Them All? Constraining the Origins of Binary Black Holes Using Multiple Formation Pathways}",
    eprint = "2011.10057",
    archivePrefix = "arXiv",
    primaryClass = "astro-ph.HE",
    doi = "10.3847/1538-4357/abe40e",
    journal = "Astrophys. J.",
    volume = "910",
    number = "2",
    pages = "152",
    year = "2021"
}
@article{Mandel:2021smh,
    author = "Mandel, Ilya and Broekgaarden, Floor S.",
    title = "{Rates of compact object coalescences}",
    eprint = "2107.14239",
    archivePrefix = "arXiv",
    primaryClass = "astro-ph.HE",
    doi = "10.1007/s41114-021-00034-3",
    journal = "Living Rev. Rel.",
    volume = "25",
    number = "1",
    pages = "1",
    year = "2022"
}
@article{Messick:2016aqy,
    author = "Messick, Cody and others",
    title = "{Analysis Framework for the Prompt Discovery of Compact Binary Mergers in Gravitational-wave Data}",
    eprint = "1604.04324",
    archivePrefix = "arXiv",
    primaryClass = "astro-ph.IM",
    doi = "10.1103/PhysRevD.95.042001",
    journal = "Phys. Rev. D",
    volume = "95",
    number = "4",
    pages = "042001",
    year = "2017"
}
@article{Aubin:2020goo,
    author = "Aubin, F. and others",
    title = "{The MBTA pipeline for detecting compact binary coalescences in the third LIGO\textendash{}Virgo observing run}",
    eprint = "2012.11512",
    archivePrefix = "arXiv",
    primaryClass = "gr-qc",
    doi = "10.1088/1361-6382/abe913",
    journal = "Class. Quant. Grav.",
    volume = "38",
    number = "9",
    pages = "095004",
    year = "2021"
}
@article{Allen:2005fk,
    author = "Allen, Bruce and Anderson, Warren G. and Brady, Patrick R. and Brown, Duncan A. and Creighton, Jolien D. E.",
    title = "{FINDCHIRP: An Algorithm for detection of gravitational waves from inspiraling compact binaries}",
    eprint = "gr-qc/0509116",
    archivePrefix = "arXiv",
    doi = "10.1103/PhysRevD.85.122006",
    journal = "Phys. Rev. D",
    volume = "85",
    pages = "122006",
    year = "2012"
}
@article{Usman:2015kfa,
    author = "Usman, Samantha A. and others",
    title = "{The PyCBC search for gravitational waves from compact binary coalescence}",
    eprint = "1508.02357",
    archivePrefix = "arXiv",
    primaryClass = "gr-qc",
    reportNumber = "LIGO-P1500086",
    doi = "10.1088/0264-9381/33/21/215004",
    journal = "Class. Quant. Grav.",
    volume = "33",
    number = "21",
    pages = "215004",
    year = "2016"
}
@article{Huerta:2013qb,
    author = "Huerta, E. A. and Brown, Duncan A.",
    title = "{Effect of eccentricity on binary neutron star searches in Advanced LIGO}",
    eprint = "1301.1895",
    archivePrefix = "arXiv",
    primaryClass = "gr-qc",
    reportNumber = "LIGO-DCC-1200187, KITP-NUMBER-NSF-KITP-12-194",
    doi = "10.1103/PhysRevD.87.127501",
    journal = "Phys. Rev. D",
    volume = "87",
    number = "12",
    pages = "127501",
    year = "2013"
}
@article{Harry:2009ea,
    author = "Harry, Ian W. and Allen, Bruce and Sathyaprakash, B. S.",
    title = "{A Stochastic template placement algorithm for gravitational wave data analysis}",
    eprint = "0908.2090",
    archivePrefix = "arXiv",
    primaryClass = "gr-qc",
    doi = "10.1103/PhysRevD.80.104014",
    journal = "Phys. Rev. D",
    volume = "80",
    pages = "104014",
    year = "2009"
}
@article{Babak:2008rb,
    author = "Babak, Stanislav",
    title = "{Building a stochastic template bank for detecting massive black hole binaries}",
    eprint = "0801.4070",
    archivePrefix = "arXiv",
    primaryClass = "gr-qc",
    doi = "10.1088/0264-9381/25/19/195011",
    journal = "Class. Quant. Grav.",
    volume = "25",
    pages = "195011",
    year = "2008"
}
@article{Chen:2017wpg,
    author = "Chen, Hsin-Yu and Holz, Daniel E. and Miller, John and Evans, Matthew and Vitale, Salvatore and Creighton, Jolien",
    title = "{Distance measures in gravitational-wave astrophysics and cosmology}",
    eprint = "1709.08079",
    archivePrefix = "arXiv",
    primaryClass = "astro-ph.CO",
    doi = "10.1088/1361-6382/abd594",
    journal = "Class. Quant. Grav.",
    volume = "38",
    number = "5",
    pages = "055010",
    year = "2021"
}
@article{Baibhav:2019gxm,
    author = "Baibhav, Vishal and Berti, Emanuele and Gerosa, Davide and Mapelli, Michela and Giacobbo, Nicola and Bouffanais, Yann and Di Carlo, Ugo N.",
    title = "{Gravitational-wave detection rates for compact binaries formed in isolation: LIGO/Virgo O3 and beyond}",
    eprint = "1906.04197",
    archivePrefix = "arXiv",
    primaryClass = "gr-qc",
    doi = "10.1103/PhysRevD.100.064060",
    journal = "Phys. Rev. D",
    volume = "100",
    number = "6",
    pages = "064060",
    year = "2019"
}
@article{Ramos-Buades:2021adz,
    author = "Ramos-Buades, Antoni and Buonanno, Alessandra and Khalil, Mohammed and Ossokine, Serguei",
    title = "{Effective-one-body multipolar waveforms for eccentric binary black holes with nonprecessing spins}",
    eprint = "2112.06952",
    archivePrefix = "arXiv",
    primaryClass = "gr-qc",
    doi = "10.1103/PhysRevD.105.044035",
    journal = "Phys. Rev. D",
    volume = "105",
    number = "4",
    pages = "044035",
    year = "2022"
}
@article{Nagar:2021gss,
    author = "Nagar, Alessandro and Bonino, Alice and Rettegno, Piero",
    title = "{Effective one-body multipolar waveform model for spin-aligned, quasicircular, eccentric, hyperbolic black hole binaries}",
    eprint = "2101.08624",
    archivePrefix = "arXiv",
    primaryClass = "gr-qc",
    doi = "10.1103/PhysRevD.103.104021",
    journal = "Phys. Rev. D",
    volume = "103",
    number = "10",
    pages = "104021",
    year = "2021"
}
@article{Chu:2021evh,
    author = "Chu, Qingbo and Yu, Shenghua and Lu, Youjun",
    title = "{Formation and evolution of binary neutron stars: mergers and their host galaxies}",
    eprint = "2110.04687",
    archivePrefix = "arXiv",
    primaryClass = "astro-ph.GA",
    doi = "10.1093/mnras/stab2882",
    journal = "Mon. Not. Roy. Astron. Soc.",
    volume = "509",
    number = "2",
    pages = "1557--1586",
    year = "2021"
}
@article{Tauris:2017omb,
    author = "Tauris, T. M. and others",
    title = "{Formation of Double Neutron Star Systems}",
    eprint = "1706.09438",
    archivePrefix = "arXiv",
    primaryClass = "astro-ph.HE",
    doi = "10.3847/1538-4357/aa7e89",
    journal = "Astrophys. J.",
    volume = "846",
    number = "2",
    pages = "170",
    year = "2017"
}
@article{Ozel:2015fia,
    author = "Ozel, Feryal and Psaltis, Dimitrios and Guver, Tolga and Baym, Gordon and Heinke, Craig and Guillot, Sebastien",
    title = "{The Dense Matter Equation of State from Neutron Star Radius and Mass Measurements}",
    eprint = "1505.05155",
    archivePrefix = "arXiv",
    primaryClass = "astro-ph.HE",
    doi = "10.3847/0004-637X/820/1/28",
    journal = "Astrophys. J.",
    volume = "820",
    number = "1",
    pages = "28",
    year = "2016"
}
@article{Wang:2021qsu,
    author = "Wang, Yi-Fan and Nitz, Alexander H.",
    title = "{Prospects for detecting gravitational waves from eccentric subsolar mass compact binaries}",
    eprint = "2101.12269",
    archivePrefix = "arXiv",
    primaryClass = "astro-ph.HE",
    doi = "10.3847/1538-4357/abe939",
    journal = "Astrophys. J.",
    volume = "912",
    number = "1",
    pages = "53",
    year = "2021"
}
@article{Bernadich:2023uru,
    author = "Bernadich, I, M. Colom and others",
    title = "{The MPIfR-MeerKAT Galactic Plane Survey - II. The eccentric double neutron star system PSR J1208\ensuremath{-}5936 and a neutron star merger rate update}",
    eprint = "2308.16802",
    archivePrefix = "arXiv",
    primaryClass = "astro-ph.HE",
    doi = "10.1051/0004-6361/202346953",
    journal = "Astron. Astrophys.",
    volume = "678",
    pages = "A187",
    year = "2023"
}
@article{Pal:2023dyg,
    author = "Pal, Souradeep and Nayak, K. Rajesh",
    title = "{Swarm-intelligent search for gravitational waves from eccentric binary mergers}",
    eprint = "2307.03736",
    archivePrefix = "arXiv",
    primaryClass = "gr-qc",
    month = "7",
    year = "2023"
}
@article{Dhurkunde:2022aek,
    author = "Dhurkunde, Rahul and Nitz, Alexander H.",
    title = "{Sensitivity of spin-aligned searches for neutron star-black hole systems using future detectors}",
    eprint = "2207.14645",
    archivePrefix = "arXiv",
    primaryClass = "astro-ph.IM",
    doi = "10.1103/PhysRevD.106.103035",
    journal = "Phys. Rev. D",
    volume = "106",
    number = "10",
    pages = "103035",
    year = "2022"
}
@article{Wu:2022pyg,
    author = "Wu, Shichao and Nitz, Alexander H.",
    title = "{Mock data study for next-generation ground-based detectors: The performance loss of matched filtering due to correlated confusion noise}",
    eprint = "2209.03135",
    archivePrefix = "arXiv",
    primaryClass = "astro-ph.IM",
    doi = "10.1103/PhysRevD.107.063022",
    journal = "Phys. Rev. D",
    volume = "107",
    number = "6",
    pages = "063022",
    year = "2023"
}
