@article{Mapelli:2020vfa,
    author = "Mapelli, Michela",
    title = "{Binary Black Hole Mergers: Formation and Populations}",
    eprint = "2105.12455",
    archivePrefix = "arXiv",
    primaryClass = "astro-ph.HE",
    doi = "10.3389/fspas.2020.00038",
    journal = "Front. Astron. Space Sci.",
    volume = "7",
    pages = "38",
    year = "2020"
}
@article{vandenHeuvel:2017pwp,
    author = "van den Heuvel, E. P. J. and Portegies Zwart, S. F. and de Mink, S. E.",
    title = "{Forming short-period Wolf\textendash{}Rayet X-ray binaries and double black holes through stable mass transfer}",
    eprint = "1701.02355",
    archivePrefix = "arXiv",
    primaryClass = "astro-ph.SR",
    doi = "10.1093/mnras/stx1430",
    journal = "Mon. Not. Roy. Astron. Soc.",
    volume = "471",
    number = "4",
    pages = "4256--4264",
    year = "2017"
}
@article{Paczynski:1993gz,
    author = "Paczynski, Bohdan and Rhoads, James E.",
    title = "{Radio transients from gamma-ray bursters}",
    eprint = "astro-ph/9307024",
    archivePrefix = "arXiv",
    reportNumber = "PRINT-93-0530",
    doi = "10.1086/187102",
    journal = "Astrophys. J. Lett.",
    volume = "418",
    pages = "L5",
    year = "1993"
}
@article{Fragos:2019box,
    author = "Fragos, Tassos and Andrews, Jeff J. and Ramirez-Ruiz, Enrico and Meynet, Georges and Kalogera, Vicky and Taam, Ronald E. and Zezas, Andreas",
    title = "{The Complete Evolution of a Neutron-Star Binary through a Common Envelope Phase Using 1D Hydrodynamic Simulations}",
    eprint = "1907.12573",
    archivePrefix = "arXiv",
    primaryClass = "astro-ph.HE",
    doi = "10.3847/2041-8213/ab40d1",
    journal = "Astrophys. J. Lett.",
    volume = "883",
    number = "2",
    pages = "L45",
    year = "2019"
}
@article{Laplace:2020hum,
    author = {Laplace, E. and G\"otberg, Y. and de Mink, S. E. and Justham, S. and Farmer, R.},
    title = "{The expansion of stripped-envelope stars: consequences for supernovae and gravitational-wave progenitors}",
    eprint = "2003.01120",
    archivePrefix = "arXiv",
    primaryClass = "astro-ph.SR",
    doi = "10.1051/0004-6361/201937300",
    journal = "Astron. Astrophys.",
    volume = "637",
    pages = "A6",
    year = "2020"
}
@article{Vink:2016epw,
    author = "Vink, Jorick S.",
    title = "{Mass loss and stellar superwinds}",
    eprint = "1610.00578",
    archivePrefix = "arXiv",
    primaryClass = "astro-ph.SR",
    doi = "10.1098/rsta.2016.0269",
    journal = "Phil. Trans. Roy. Soc. Lond. A",
    volume = "375",
    pages = "0269",
    year = "2017"
}

@article{Zahn:1977mi,
    author = "Zahn, J. -P.",
    title = "{Tidal friction in close binary stars}",
    journal = "Astron. Astrophys.",
    volume = "57",
    pages = "383--394",
    year = "1977"
}

@article{Muller:2020ard,
    author = {M\"uller, B.},
    title = "{Hydrodynamics of core-collapse supernovae and their progenitors}",
    eprint = "2006.05083",
    archivePrefix = "arXiv",
    primaryClass = "astro-ph.SR",
    doi = "10.1007/s41115-020-0008-5",
    journal = "Astrophysics",
    volume = "6",
    pages = "3",
    year = "2020"
}
@article{Fryer:2011cx,
    author = "Fryer, Chris L. and Belczynski, Krzysztof and Wiktorowicz, Grzegorz and Dominik, Michal and Kalogera, Vicky and Holz, Daniel E.",
    title = "{Compact Remnant Mass Function: Dependence on the Explosion Mechanism and Metallicity}",
    eprint = "1110.1726",
    archivePrefix = "arXiv",
    primaryClass = "astro-ph.SR",
    reportNumber = "LA-UR-11-02622",
    doi = "10.1088/0004-637X/749/1/91",
    journal = "Astrophys. J.",
    volume = "749",
    pages = "91",
    year = "2012"
}
@article{Fryer:2011cx,
    author = "Fryer, Chris L. and Belczynski, Krzysztof and Wiktorowicz, Grzegorz and Dominik, Michal and Kalogera, Vicky and Holz, Daniel E.",
    title = "{Compact Remnant Mass Function: Dependence on the Explosion Mechanism and Metallicity}",
    eprint = "1110.1726",
    archivePrefix = "arXiv",
    primaryClass = "astro-ph.SR",
    reportNumber = "LA-UR-11-02622",
    doi = "10.1088/0004-637X/749/1/91",
    journal = "Astrophys. J.",
    volume = "749",
    pages = "91",
    year = "2012"
}
@article{Postnov:2014tza,
    author = "Postnov, Konstantin A. and Yungelson, Lev R.",
    title = "{The Evolution of Compact Binary Star Systems}",
    eprint = "1403.4754",
    archivePrefix = "arXiv",
    primaryClass = "astro-ph.HE",
    doi = "10.12942/lrr-2014-3",
    journal = "Living Rev. Rel.",
    volume = "17",
    pages = "3",
    year = "2014"
}
@article{Mandel:2021smh,
    author = "Mandel, Ilya and Broekgaarden, Floor S.",
    title = "{Rates of compact object coalescences}",
    eprint = "2107.14239",
    archivePrefix = "arXiv",
    primaryClass = "astro-ph.HE",
    doi = "10.1007/s41114-021-00034-3",
    journal = "Living Rev. Rel.",
    volume = "25",
    number = "1",
    pages = "1",
    year = "2022"
}
@article{Marchant:2017ehn,
    author = "Marchant, Pablo and Langer, Norbert and Podsiadlowski, Philipp and Tauris, Thomas M. and de Mink, Selma and Mandel, Ilya and Moriya, Takashi J.",
    title = "{Ultra-luminous X-ray sources and neutron-star\textendash{}black-hole mergers from very massive close binaries at low metallicity}",
    eprint = "1705.04734",
    archivePrefix = "arXiv",
    primaryClass = "astro-ph.HE",
    doi = "10.1051/0004-6361/201630188",
    journal = "Astron. Astrophys.",
    volume = "604",
    pages = "A55",
    year = "2017"
}
@article{Ziosi:2014sra,
    author = "Ziosi, Brunetto Marco and Mapelli, Michela and Branchesi, Marica and Tormen, Giuseppe",
    title = "{Dynamics of stellar black holes in young star clusters with different metallicities \textendash{} II. Black hole\textendash{}black hole binaries}",
    eprint = "1404.7147",
    archivePrefix = "arXiv",
    primaryClass = "astro-ph.GA",
    doi = "10.1093/mnras/stu824",
    journal = "Mon. Not. Roy. Astron. Soc.",
    volume = "441",
    number = "4",
    pages = "3703--3717",
    year = "2014"
}
@article{Quinlan:1996vp,
    author = "Quinlan, Gerald D.",
    title = "{The dynamical evolution of massive black hole binaries - I. hardening in a fixed stellar background}",
    eprint = "astro-ph/9601092",
    archivePrefix = "arXiv",
    reportNumber = "RUTGERS-ASTROPHYSICS-PREPRINT-SERIES-NO-187",
    doi = "10.1016/S1384-1076(96)00003-6",
    journal = "New Astron.",
    volume = "1",
    pages = "35--56",
    year = "1996"
}
@article{Antonini:2016gqe,
    author = "Antonini, Fabio and Rasio, Frederic A.",
    title = "{Merging black hole binaries in galactic nuclei: implications for advanced-LIGO detections}",
    eprint = "1606.04889",
    archivePrefix = "arXiv",
    primaryClass = "astro-ph.HE",
    doi = "10.3847/0004-637X/831/2/187",
    journal = "Astrophys. J.",
    volume = "831",
    number = "2",
    pages = "187",
    year = "2016"
}
@article{Antonini:2018auk,
    author = "Antonini, Fabio and Gieles, Mark and Gualandris, Alessia",
    title = "{Black hole growth through hierarchical black hole mergers in dense star clusters: implications for gravitational wave detections}",
    eprint = "1811.03640",
    archivePrefix = "arXiv",
    primaryClass = "astro-ph.HE",
    doi = "10.1093/mnras/stz1149",
    journal = "Mon. Not. Roy. Astron. Soc.",
    volume = "486",
    number = "4",
    pages = "5008--5021",
    year = "2019"
}
@article{Naoz2016,
  title = {The Eccentric Kozai-Lidov Effect and Its Applications},
  volume = {54},
  ISSN = {1545-4282},
  url = {http://dx.doi.org/10.1146/annurev-astro-081915-023315},
  DOI = {10.1146/annurev-astro-081915-023315},
  number = {1},
  journal = {Annual Review of Astronomy and Astrophysics},
  publisher = {Annual Reviews},
  author = {Naoz,  Smadar},
  year = {2016},
  month = sep,
  pages = {441â€“489}
}
@article{Wen:2002km,
    author = "Wen, Linqing",
    title = "{On the eccentricity distribution of coalescing black hole binaries driven by the Kozai mechanism in globular clusters}",
    eprint = "astro-ph/0211492",
    archivePrefix = "arXiv",
    doi = "10.1086/378794",
    journal = "Astrophys. J.",
    volume = "598",
    pages = "419--430",
    year = "2003"
}
@article{Liu:2018nrf,
    author = "Liu, Bin and Lai, Dong",
    title = "{Black Hole and Neutron Star Binary Mergers in Triple Systems: Merger Fraction and Spin\textendash{}Orbit Misalignment}",
    eprint = "1805.03202",
    archivePrefix = "arXiv",
    primaryClass = "astro-ph.HE",
    doi = "10.3847/1538-4357/aad09f",
    journal = "Astrophys. J.",
    volume = "863",
    number = "1",
    pages = "68",
    year = "2018"
}
@article{Vynatheya:2021mgl,
    author = "Vynatheya, Pavan and Hamers, Adrian S.",
    title = "{How Important Is Secular Evolution for Black Hole and Neutron Star Mergers in 2+2 and 3+1 Quadruple-star Systems?}",
    eprint = "2110.14680",
    archivePrefix = "arXiv",
    primaryClass = "astro-ph.HE",
    doi = "10.3847/1538-4357/ac4892",
    journal = "Astrophys. J.",
    volume = "926",
    number = "2",
    pages = "195",
    year = "2022"
}
@article{Fragione:2020aki,
    author = "Fragione, Giacomo and Loeb, Abraham and Rasio, Frederic A.",
    title = "{Merging Black Holes in the Low-mass and High-mass Gaps from 2 + 2 Quadruple Systems}",
    eprint = "2002.11278",
    archivePrefix = "arXiv",
    primaryClass = "astro-ph.GA",
    doi = "10.3847/2041-8213/ab9093",
    journal = "Astrophys. J. Lett.",
    volume = "895",
    number = "1",
    pages = "L15",
    year = "2020"
}


@article{Rodriguez:2016kxx,
    author = "Rodriguez, Carl L. and Chatterjee, Sourav and Rasio, Frederic A.",
    title = "{Binary Black Hole Mergers from Globular Clusters: Masses, Merger Rates, and the Impact of Stellar Evolution}",
    eprint = "1602.02444",
    archivePrefix = "arXiv",
    primaryClass = "astro-ph.HE",
    doi = "10.1103/PhysRevD.93.084029",
    journal = "Phys. Rev. D",
    volume = "93",
    number = "8",
    pages = "084029",
    year = "2016"
}
@article{OShaughnessy:2017eks,
    author = "O'Shaughnessy, Richard and Gerosa, Davide and Wysocki, Daniel",
    title = "{Inferences about supernova physics from gravitational-wave measurements: GW151226 spin misalignment as an indicator of strong black-hole natal kicks}",
    eprint = "1704.03879",
    archivePrefix = "arXiv",
    primaryClass = "astro-ph.HE",
    reportNumber = "LIGO-P1700066",
    doi = "10.1103/PhysRevLett.119.011101",
    journal = "Phys. Rev. Lett.",
    volume = "119",
    number = "1",
    pages = "011101",
    year = "2017"
}
@article{Gerosa:2018wbw,
    author = "Gerosa, Davide and Berti, Emanuele and O'Shaughnessy, Richard and Belczynski, Krzysztof and Kesden, Michael and Wysocki, Daniel and Gladysz, Wojciech",
    title = "{Spin orientations of merging black holes formed from the evolution of stellar binaries}",
    eprint = "1808.02491",
    archivePrefix = "arXiv",
    primaryClass = "astro-ph.HE",
    doi = "10.1103/PhysRevD.98.084036",
    journal = "Phys. Rev. D",
    volume = "98",
    number = "8",
    pages = "084036",
    year = "2018"
}
@article{Samsing:2017xmd,
    author = "Samsing, Johan",
    title = "{Eccentric Black Hole Mergers Forming in Globular Clusters}",
    eprint = "1711.07452",
    archivePrefix = "arXiv",
    primaryClass = "astro-ph.HE",
    doi = "10.1103/PhysRevD.97.103014",
    journal = "Phys. Rev. D",
    volume = "97",
    number = "10",
    pages = "103014",
    year = "2018"
}
@article{Samsing:2020qqd,
    author = "Samsing, Johan and Hotokezaka, Kenta",
    title = "{Populating the Black Hole Mass Gaps in Stellar Clusters: General Relations and Upper Limits}",
    eprint = "2006.09744",
    archivePrefix = "arXiv",
    primaryClass = "astro-ph.HE",
    doi = "10.3847/1538-4357/ac2b27",
    journal = "Astrophys. J.",
    volume = "923",
    number = "1",
    pages = "126",
    year = "2021"
}
@article{Mapelli:2020xeq,
    author = "Mapelli, Michela and Santoliquido, Filippo and Bouffanais, Yann and Sedda, Manuel Arca and Artale, Maria Celeste and Ballone, Alessandro",
    title = "{Mass and Rate of Hierarchical Black Hole Mergers in Young, Globular and Nuclear Star Clusters}",
    eprint = "2007.15022",
    archivePrefix = "arXiv",
    primaryClass = "astro-ph.HE",
    doi = "10.3390/sym13091678",
    journal = "Symmetry",
    volume = "13",
    number = "9",
    pages = "1678",
    year = "2021"
}
@article{Blanchet:2004ek,
    author = "Blanchet, Luc and Damour, Thibault and Esposito-Farese, Gilles and Iyer, Bala R.",
    title = "{Gravitational radiation from inspiralling compact binaries completed at the third post-Newtonian order}",
    eprint = "gr-qc/0406012",
    archivePrefix = "arXiv",
    doi = "10.1103/PhysRevLett.93.091101",
    journal = "Phys. Rev. Lett.",
    volume = "93",
    pages = "091101",
    year = "2004"
}
@article{Blanchet2006,
  title = {Gravitational Radiation from Post-Newtonian Sources and Inspiralling Compact Binaries},
  volume = {9},
  ISSN = {1433-8351},
  url = {http://dx.doi.org/10.12942/lrr-2006-4},
  DOI = {10.12942/lrr-2006-4},
  number = {1},
  journal = {Living Reviews in Relativity},
  publisher = {Springer Science and Business Media LLC},
  author = {Blanchet,  Luc},
  year = {2006},
  month = jun 
}
@phdthesis{Harry:2011una,
    author = "Harry, Ian William",
    title = "{Can we hear black holes collide?}",
    school = "Cardiff U., Cardiff U.",
    year = "2011"
}
@article{Peters:1963ux,
    author = "Peters, P. C. and Mathews, J.",
    title = "{Gravitational radiation from point masses in a Keplerian orbit}",
    doi = "10.1103/PhysRev.131.435",
    journal = "Phys. Rev.",
    volume = "131",
    pages = "435--439",
    year = "1963"
}
@book{Maggiore:2008aaa,
    author={Michelle Maggiore},
    title={Gravitational Waves Volume 1: Theory and Experiments},
    year={2016},
    publisher={Oxford University Press},
    isbn={978-0-19-857074-5}
}
@article{MorenoGarrido1994,
  title = {Spectral analysis of the gravitational radiation emitted by binary systems in moderately eccentric orbits: application to coalescing binaries},
  volume = {266},
  ISSN = {1365-2966},
  url = {http://dx.doi.org/10.1093/mnras/266.1.16},
  DOI = {10.1093/mnras/266.1.16},
  number = {1},
  journal = {Monthly Notices of the Royal Astronomical Society},
  publisher = {Oxford University Press (OUP)},
  author = {Moreno-Garrido,  C. and Buitrago,  J. and Mediavilla,  E.},
  year = {1994},
  month = jan,
  pages = {16â€“24}
}

@article{Blanchet:2001ax,
    author = "Blanchet, Luc and Faye, Guillaume and Iyer, Bala R. and Joguet, Benoit",
    title = "{Gravitational wave inspiral of compact binary systems to 7/2 postNewtonian order}",
    eprint = "gr-qc/0105099",
    archivePrefix = "arXiv",
    doi = "10.1103/PhysRevD.71.129902",
    journal = "Phys. Rev. D",
    volume = "65",
    pages = "061501",
    year = "2002",
    note = "[Erratum: Phys.Rev.D 71, 129902 (2005)]"
}
@article{Blanchet:2013haa,
    author = "Blanchet, Luc",
    title = "{Gravitational Radiation from Post-Newtonian Sources and Inspiralling Compact Binaries}",
    eprint = "1310.1528",
    archivePrefix = "arXiv",
    primaryClass = "gr-qc",
    doi = "10.12942/lrr-2014-2",
    journal = "Living Rev. Rel.",
    volume = "17",
    pages = "2",
    year = "2014"
}
@article{Buonanno:2009zt,
    author = "Buonanno, Alessandra and Iyer, Bala and Ochsner, Evan and Pan, Yi and Sathyaprakash, B. S.",
    title = "{Comparison of post-Newtonian templates for compact binary inspiral signals in gravitational-wave detectors}",
    eprint = "0907.0700",
    archivePrefix = "arXiv",
    primaryClass = "gr-qc",
    doi = "10.1103/PhysRevD.80.084043",
    journal = "Phys. Rev. D",
    volume = "80",
    pages = "084043",
    year = "2009"
}
@article{Buonanno:1998gg,
    author = "Buonanno, A. and Damour, T.",
    title = "{Effective one-body approach to general relativistic two-body dynamics}",
    eprint = "gr-qc/9811091",
    archivePrefix = "arXiv",
    reportNumber = "IHES-P-98-74",
    doi = "10.1103/PhysRevD.59.084006",
    journal = "Phys. Rev. D",
    volume = "59",
    pages = "084006",
    year = "1999"
}
@article{Buonanno:2000ef,
    author = "Buonanno, Alessandra and Damour, Thibault",
    title = "{Transition from inspiral to plunge in binary black hole coalescences}",
    eprint = "gr-qc/0001013",
    archivePrefix = "arXiv",
    reportNumber = "IHES-P-99-90, GRP-99-521",
    doi = "10.1103/PhysRevD.62.064015",
    journal = "Phys. Rev. D",
    volume = "62",
    pages = "064015",
    year = "2000"
}
@article{Damour:2000we,
    author = "Damour, Thibault and Jaranowski, Piotr and Schaefer, Gerhard",
    title = "{On the determination of the last stable orbit for circular general relativistic binaries at the third postNewtonian approximation}",
    eprint = "gr-qc/0005034",
    archivePrefix = "arXiv",
    doi = "10.1103/PhysRevD.62.084011",
    journal = "Phys. Rev. D",
    volume = "62",
    pages = "084011",
    year = "2000"
}
@article{Damour:2001tu,
    author = "Damour, Thibault",
    title = "{Coalescence of two spinning black holes: an effective one-body approach}",
    eprint = "gr-qc/0103018",
    archivePrefix = "arXiv",
    reportNumber = "IHES-P-01-11",
    doi = "10.1103/PhysRevD.64.124013",
    journal = "Phys. Rev. D",
    volume = "64",
    pages = "124013",
    year = "2001"
}
@article{Damour:2008te,
    author = "Damour, Thibault and Nagar, Alessandro and Hannam, Mark and Husa, Sascha and Bruegmann, Bernd",
    title = "{Accurate Effective-One-Body waveforms of inspiralling and coalescing black-hole binaries}",
    eprint = "0803.3162",
    archivePrefix = "arXiv",
    primaryClass = "gr-qc",
    doi = "10.1103/PhysRevD.78.044039",
    journal = "Phys. Rev. D",
    volume = "78",
    pages = "044039",
    year = "2008"
}
@book{Maggiore:2018aab,
    author={Michelle Maggiore},
    title={Gravitational Waves Volume 2: Astrophysics and Cosmology},
    year={2019},
    publisher={Oxford University Press},
    isbn={978-0-19-857089-9}
}
@article{Purrer:2015tud,
    author = {P\"urrer, Michael},
    title = "{Frequency domain reduced order model of aligned-spin effective-one-body waveforms with generic mass-ratios and spins}",
    eprint = "1512.02248",
    archivePrefix = "arXiv",
    primaryClass = "gr-qc",
    doi = "10.1103/PhysRevD.93.064041",
    journal = "Phys. Rev. D",
    volume = "93",
    number = "6",
    pages = "064041",
    year = "2016"
}
@article{Ramos-Buades:2023ehm,
    author = "Ramos-Buades, Antoni and Buonanno, Alessandra and Estell\'es, H\'ector and Khalil, Mohammed and Mihaylov, Deyan P. and Ossokine, Serguei and Pompili, Lorenzo and Shiferaw, Mahlet",
    title = "{SEOBNRv5PHM: Next generation of accurate and efficient multipolar precessing-spin effective-one-body waveforms for binary black holes}",
    eprint = "2303.18046",
    archivePrefix = "arXiv",
    primaryClass = "gr-qc",
    month = "3",
    year = "2023"
}
@article{Pompili:2023tna,
    author = "Pompili, Lorenzo and others",
    title = "{Laying the foundation of the effective-one-body waveform models SEOBNRv5: improved accuracy and efficiency for spinning non-precessing binary black holes}",
    eprint = "2303.18039",
    archivePrefix = "arXiv",
    primaryClass = "gr-qc",
    month = "3",
    year = "2023"
}
@book{Misner:1973aaa,
    author={Charles W. Misner and Kip S. Thorne and John Archibald Wheeler},
    title={Gravitation},
    year={2017},
    publisher={Princeton University Press},
    isbn={978-0-691-17779-3}
}
@BOOK{Dhurandhar2022-hc,
  title     = "General relativity and gravitational waves",
  author    = "Dhurandhar, Sanjeev and Mitra, Sanjit",
  publisher = "Springer Nature",
  series    = "UNITEXT for Physics",
  edition   =  1,
  month     =  feb,
  year      =  2022,
  address   = "Cham, Switzerland",
  copyright = "https://www.springernature.com/gp/researchers/text-and-data-mining",
  language  = "en"
}
@article{Thorne:1980ru,
    author = "Thorne, K. S.",
    title = "{Multipole Expansions of Gravitational Radiation}",
    doi = "10.1103/RevModPhys.52.299",
    journal = "Rev. Mod. Phys.",
    volume = "52",
    pages = "299--339",
    year = "1980"
}
@article{Hannam:2013pra,
    author = "Hannam, Mark",
    title = "{Modelling gravitational waves from precessing black-hole binaries: Progress, challenges and prospects}",
    eprint = "1312.3641",
    archivePrefix = "arXiv",
    primaryClass = "gr-qc",
    doi = "10.1007/s10714-014-1767-2",
    journal = "Gen. Rel. Grav.",
    volume = "46",
    pages = "1767",
    year = "2014"
}
@article{Pekowsky:2013ska,
    author = "Pekowsky, L. and O'Shaughnessy, R. and Healy, J. and Shoemaker, D.",
    title = "{Comparing gravitational waves from nonprecessing and precessing black hole binaries in the corotating frame}",
    eprint = "1304.3176",
    archivePrefix = "arXiv",
    primaryClass = "gr-qc",
    reportNumber = "LIGO-DCC-P1300057",
    doi = "10.1103/PhysRevD.88.024040",
    journal = "Phys. Rev. D",
    volume = "88",
    number = "2",
    pages = "024040",
    year = "2013"
}
@article{Marigo:2001pm,
    author = "Marigo, Paola and Girardi, Leo and Chiosi, Cesare and Wood, Peter R.",
    title = "{Zero-metallicity stars I. evolution at constant mass}",
    eprint = "astro-ph/0102253",
    archivePrefix = "arXiv",
    doi = "10.1051/0004-6361:20010309",
    journal = "Astron. Astrophys.",
    volume = "371",
    pages = "152",
    year = "2001"
}
@article{Santamaria:2010yb,
    author = "Santamaria, L. and others",
    title = "{Matching post-Newtonian and numerical relativity waveforms: systematic errors and a new phenomenological model for non-precessing black hole binaries}",
    eprint = "1005.3306",
    archivePrefix = "arXiv",
    primaryClass = "gr-qc",
    reportNumber = "LIGO-P1000048, AEI-2010-122",
    doi = "10.1103/PhysRevD.82.064016",
    journal = "Phys. Rev. D",
    volume = "82",
    pages = "064016",
    year = "2010"
}
@article{Ohkubo:2009ft,
    author = "Ohkubo, Takuya and Nomoto, Ken'ichi and Umeda, Hideyuki and Yoshida, Naoki and Tsuruta, Sachiko",
    title = "{Evolution of Very Massive Population III Stars with Mass Accretion from Pre-Main Sequence to Collapse}",
    eprint = "0902.4573",
    archivePrefix = "arXiv",
    primaryClass = "astro-ph.SR",
    doi = "10.1088/0004-637X/706/2/1184",
    journal = "Astrophys. J.",
    volume = "706",
    pages = "1184--1193",
    year = "2009"
}
@article{Ajith:2009bn,
    author = "Ajith, P. and others",
    title = "{Inspiral-merger-ringdown waveforms for black-hole binaries with non-precessing spins}",
    eprint = "0909.2867",
    archivePrefix = "arXiv",
    primaryClass = "gr-qc",
    doi = "10.1103/PhysRevLett.106.241101",
    journal = "Phys. Rev. Lett.",
    volume = "106",
    pages = "241101",
    year = "2011"
}
@article{Pratten:2020ceb,
    author = "Pratten, Geraint and others",
    title = "{Computationally efficient models for the dominant and subdominant harmonic modes of precessing binary black holes}",
    eprint = "2004.06503",
    archivePrefix = "arXiv",
    primaryClass = "gr-qc",
    doi = "10.1103/PhysRevD.103.104056",
    journal = "Phys. Rev. D",
    volume = "103",
    number = "10",
    pages = "104056",
    year = "2021"
}
@article{Ajith:2007qp,
    author = "Ajith, Parameswaran and others",
    editor = "Krishnan, B. and Papa, M. A. and Schutz, Bernard F.",
    title = "{Phenomenological template family for black-hole coalescence waveforms}",
    eprint = "0704.3764",
    archivePrefix = "arXiv",
    primaryClass = "gr-qc",
    doi = "10.1088/0264-9381/24/19/S31",
    journal = "Class. Quant. Grav.",
    volume = "24",
    pages = "S689--S700",
    year = "2007"
}
@article{Varma:2019csw,
    author = "Varma, Vijay and Field, Scott E. and Scheel, Mark A. and Blackman, Jonathan and Gerosa, Davide and Stein, Leo C. and Kidder, Lawrence E. and Pfeiffer, Harald P.",
    title = "{Surrogate models for precessing binary black hole simulations with unequal masses}",
    eprint = "1905.09300",
    archivePrefix = "arXiv",
    primaryClass = "gr-qc",
    doi = "10.1103/PhysRevResearch.1.033015",
    journal = "Phys. Rev. Research.",
    volume = "1",
    pages = "033015",
    year = "2019"
}
@article{Boyle:2019kee,
    author = "Boyle, Michael and others",
    title = "{The SXS Collaboration catalog of binary black hole simulations}",
    eprint = "1904.04831",
    archivePrefix = "arXiv",
    primaryClass = "gr-qc",
    doi = "10.1088/1361-6382/ab34e2",
    journal = "Class. Quant. Grav.",
    volume = "36",
    number = "19",
    pages = "195006",
    year = "2019"
}
@article{Healy:2022wdn,
    author = "Healy, James and Lousto, Carlos O.",
    title = "{Fourth RIT binary black hole simulations catalog: Extension to eccentric orbits}",
    eprint = "2202.00018",
    archivePrefix = "arXiv",
    primaryClass = "gr-qc",
    doi = "10.1103/PhysRevD.105.124010",
    journal = "Phys. Rev. D",
    volume = "105",
    number = "12",
    pages = "124010",
    year = "2022"
}
@article{Sana:2012px,
    author = "Sana, H. and de Mink, S. E. and de Koter, A. and Langer, N. and Evans, C. J. and Gieles, M. and Gosset, E. and Izzard, R. G. and Bouquin, J. -B. Le and Schneider, F. R. N.",
    title = "{Binary interaction dominates the evolution of massive stars}",
    eprint = "1207.6397",
    archivePrefix = "arXiv",
    primaryClass = "astro-ph.SR",
    doi = "10.1126/science.1223344",
    journal = "Science",
    volume = "337",
    pages = "444",
    year = "2012"
}
@article{Moe2017,
  title = {Mind Your Ps and Qs: The Interrelation between Period (
                    P
                    ) and Mass-ratio (
                    Q
                    ) Distributions of Binary Stars},
  volume = {230},
  ISSN = {1538-4365},
  url = {http://dx.doi.org/10.3847/1538-4365/aa6fb6},
  DOI = {10.3847/1538-4365/aa6fb6},
  number = {2},
  journal = {The Astrophysical Journal Supplement Series},
  publisher = {American Astronomical Society},
  author = {Moe,  Maxwell and Di Stefano,  Rosanne},
  year = {2017},
  month = jun,
  pages = {15}
}
@article{Brown:2007jx,
    author = "Brown, D. and Fairhurst, S. and Krishnan, B. and Mercer, R. A. and Kopparapu, R. K. and Santamaria, L. and Whelan, J. T.",
    title = "{Data formats for numerical relativity waves}",
    eprint = "0709.0093",
    archivePrefix = "arXiv",
    primaryClass = "gr-qc",
    reportNumber = "LIGO-T070072-00-Z",
    month = "9",
    year = "2007"
}
@BOOK{Schutz2009-ie,
  title     = "A First Course in General Relativity",
  author    = "Schutz, Bernard F",
  publisher = "Cambridge University Press",
  edition   =  2,
  month     =  may,
  year      =  2009,
  address   = "Cambridge, England",
  language  = "en"
}

@article{Einstein:1905vqn,
    author = "Einstein, A.",
    title = {{Zur Elektrodynamik bewegter K\"orper}},
    doi = "10.1002/andp.19053221004",
    journal = "Annalen Phys.",
    volume = "322",
    number = "10",
    pages = "891--921",
    year = "1905"
}
@article{Hinderer:2007mb,
    author = "Hinderer, Tanja",
    title = "{Tidal Love numbers of neutron stars}",
    eprint = "0711.2420",
    archivePrefix = "arXiv",
    primaryClass = "astro-ph",
    doi = "10.1086/533487",
    journal = "Astrophys. J.",
    volume = "677",
    pages = "1216--1220",
    year = "2008",
    note = "[Erratum: Astrophys.J. 697, 964 (2009)]"
}
@article{Will:1996zj,
    author = "Will, Clifford M. and Wiseman, Alan G.",
    title = "{Gravitational radiation from compact binary systems: Gravitational wave forms and energy loss to second postNewtonian order}",
    eprint = "gr-qc/9608012",
    archivePrefix = "arXiv",
    reportNumber = "WUGRAV-95-18, GRP-443",
    doi = "10.1103/PhysRevD.54.4813",
    journal = "Phys. Rev. D",
    volume = "54",
    pages = "4813--4848",
    year = "1996"
}
@article{Schafer:2018kuf,
    author = {Sch\"afer, Gerhard and Jaranowski, Piotr},
    title = "{Hamiltonian formulation of general relativity and post-Newtonian dynamics of compact binaries}",
    eprint = "1805.07240",
    archivePrefix = "arXiv",
    primaryClass = "gr-qc",
    doi = "10.1007/s41114-018-0016-5",
    journal = "Living Rev. Rel.",
    volume = "21",
    number = "1",
    pages = "7",
    year = "2018"
}
@article{Chandrasekhar:1953zz,
    author = "Chandrasekhar, S. and Fermi, E.",
    title = "{Problems of Gravitational Stability in the Presence of a Magnetic Field}",
    doi = "10.1086/145732",
    journal = "Astrophys. J.",
    volume = "118",
    pages = "116",
    year = "1953",
    note = "[Erratum: Astrophys.J. 122, 208 (1955)]"
}
@article{Bildsten:1998ey,
    author = "Bildsten, Lars",
    title = "{Gravitational radiation and rotation of accreting neutron stars}",
    eprint = "astro-ph/9804325",
    archivePrefix = "arXiv",
    doi = "10.1086/311440",
    journal = "Astrophys. J. Lett.",
    volume = "501",
    pages = "L89",
    year = "1998"
}
@article{Brown:1997ji,
    author = "Brown, Edward F. and Bildsten, Lars",
    title = "{The Ocean and crust of a rapidly accreting neutron star: Implications for magnetic field evolution and thermonuclear flashes}",
    eprint = "astro-ph/9710261",
    archivePrefix = "arXiv",
    doi = "10.1086/305419",
    journal = "Astrophys. J.",
    volume = "496",
    pages = "915",
    year = "1998"
}
@article{Riles:2022wwz,
    author = "Riles, Keith",
    title = "{Searches for continuous-wave gravitational radiation}",
    eprint = "2206.06447",
    archivePrefix = "arXiv",
    primaryClass = "astro-ph.HE",
    doi = "10.1007/s41114-023-00044-3",
    journal = "Living Rev. Rel.",
    volume = "26",
    number = "1",
    pages = "3",
    year = "2023"
}
@article{Pagliaro:2023bvi,
    author = "Pagliaro, Gianluca and Papa, Maria Alessandra and Ming, Jing and Lian, Jianhui and Tsuna, Daichi and Maraston, Claudia and Thomas, Daniel",
    title = "{Continuous Gravitational Waves from Galactic Neutron Stars: Demography, Detectability, and Prospects}",
    eprint = "2303.04714",
    archivePrefix = "arXiv",
    primaryClass = "gr-qc",
    doi = "10.3847/1538-4357/acd76f",
    journal = "Astrophys. J.",
    volume = "952",
    number = "2",
    pages = "123",
    year = "2023"
}
@article{Abdikamalov:2020jzn,
    author = "Abdikamalov, Ernazar and Pagliaroli, Giulia and Radice, David",
    title = "{Gravitational Waves from Core-Collapse Supernovae}",
    eprint = "2010.04356",
    archivePrefix = "arXiv",
    primaryClass = "astro-ph.SR",
    doi = "10.1007/978-981-15-4702-7_21-1",
    month = "10",
    year = "2020"
}
@article{Janka:2012wk,
    author = "Janka, Hans-Thomas",
    title = "{Explosion Mechanisms of Core-Collapse Supernovae}",
    eprint = "1206.2503",
    archivePrefix = "arXiv",
    primaryClass = "astro-ph.SR",
    doi = "10.1146/annurev-nucl-102711-094901",
    journal = "Ann. Rev. Nucl. Part. Sci.",
    volume = "62",
    pages = "407--451",
    year = "2012"
}
@article{Hellings:1983fr,
    author = "Hellings, R. w. and Downs, G. s.",
    title = "{UPPER LIMITS ON THE ISOTROPIC GRAVITATIONAL RADIATION BACKGROUND FROM PULSAR TIMING ANALYSIS}",
    doi = "10.1086/183954",
    journal = "Astrophys. J. Lett.",
    volume = "265",
    pages = "L39--L42",
    year = "1983"
}
@article{Reardon:2023gzh,
    author = "Reardon, Daniel J. and others",
    title = "{Search for an Isotropic Gravitational-wave Background with the Parkes Pulsar Timing Array}",
    eprint = "2306.16215",
    archivePrefix = "arXiv",
    primaryClass = "astro-ph.HE",
    doi = "10.3847/2041-8213/acdd02",
    journal = "Astrophys. J. Lett.",
    volume = "951",
    number = "1",
    pages = "L6",
    year = "2023"
}
@article{NANOGrav:2023hde,
    author = "Agazie, Gabriella and others",
    collaboration = "NANOGrav",
    title = "{The NANOGrav 15 yr Data Set: Observations and Timing of 68 Millisecond Pulsars}",
    eprint = "2306.16217",
    archivePrefix = "arXiv",
    primaryClass = "astro-ph.HE",
    doi = "10.3847/2041-8213/acda9a",
    journal = "Astrophys. J. Lett.",
    volume = "951",
    number = "1",
    pages = "L9",
    year = "2023"
}
@article{EPTA:2023fyk,
    author = "Antoniadis, J. and others",
    collaboration = "EPTA, InPTA:",
    title = "{The second data release from the European Pulsar Timing Array - III. Search for gravitational wave signals}",
    eprint = "2306.16214",
    archivePrefix = "arXiv",
    primaryClass = "astro-ph.HE",
    doi = "10.1051/0004-6361/202346844",
    journal = "Astron. Astrophys.",
    volume = "678",
    pages = "A50",
    year = "2023"
}
@article{Xu:2023wog,
    author = "Xu, Heng and others",
    title = "{Searching for the Nano-Hertz Stochastic Gravitational Wave Background with the Chinese Pulsar Timing Array Data Release I}",
    eprint = "2306.16216",
    archivePrefix = "arXiv",
    primaryClass = "astro-ph.HE",
    doi = "10.1088/1674-4527/acdfa5",
    journal = "Res. Astron. Astrophys.",
    volume = "23",
    number = "7",
    pages = "075024",
    year = "2023"
}
@article{Barnaby:2011qe,
    author = "Barnaby, Neil and Pajer, Enrico and Peloso, Marco",
    title = "{Gauge Field Production in Axion Inflation: Consequences for Monodromy, non-Gaussianity in the CMB, and Gravitational Waves at Interferometers}",
    eprint = "1110.3327",
    archivePrefix = "arXiv",
    primaryClass = "astro-ph.CO",
    reportNumber = "UMN-TH-3017-11",
    doi = "10.1103/PhysRevD.85.023525",
    journal = "Phys. Rev. D",
    volume = "85",
    pages = "023525",
    year = "2012"
}
@article{Siemens:2006yp,
    author = "Siemens, Xavier and Mandic, Vuk and Creighton, Jolien",
    title = "{Gravitational wave stochastic background from cosmic (super)strings}",
    eprint = "astro-ph/0610920",
    archivePrefix = "arXiv",
    doi = "10.1103/PhysRevLett.98.111101",
    journal = "Phys. Rev. Lett.",
    volume = "98",
    pages = "111101",
    year = "2007"
}
@article{Hindmarsh:2015qta,
    author = "Hindmarsh, Mark and Huber, Stephan J. and Rummukainen, Kari and Weir, David J.",
    title = "{Numerical simulations of acoustically generated gravitational waves at a first order phase transition}",
    eprint = "1504.03291",
    archivePrefix = "arXiv",
    primaryClass = "astro-ph.CO",
    reportNumber = "HIP-2015-13-TH",
    doi = "10.1103/PhysRevD.92.123009",
    journal = "Phys. Rev. D",
    volume = "92",
    number = "12",
    pages = "123009",
    year = "2015"
}
@article{Buonanno:1996xc,
    author = "Buonanno, Alessandra and Maggiore, Michele and Ungarelli, Carlo",
    title = "{Spectrum of relic gravitational waves in string cosmology}",
    eprint = "gr-qc/9605072",
    archivePrefix = "arXiv",
    reportNumber = "IFUP-TH-25-96",
    doi = "10.1103/PhysRevD.55.3330",
    journal = "Phys. Rev. D",
    volume = "55",
    pages = "3330--3336",
    year = "1997"
}
@article{Hannam:2009rd,
    author = "Hannam, Mark",
    editor = "Sutton, Patrick and Shoemaker, Deirdre",
    title = "{Status of black-hole-binary simulations for gravitational-wave detection}",
    eprint = "0901.2931",
    archivePrefix = "arXiv",
    primaryClass = "gr-qc",
    doi = "10.1088/0264-9381/26/11/114001",
    journal = "Class. Quant. Grav.",
    volume = "26",
    pages = "114001",
    year = "2009"
}
@article{Dreyer:2003bv,
    author = "Dreyer, Olaf and Kelly, Bernard J. and Krishnan, Badri and Finn, Lee Samuel and Garrison, David and Lopez-Aleman, Ramon",
    title = "{Black hole spectroscopy: Testing general relativity through gravitational wave observations}",
    eprint = "gr-qc/0309007",
    archivePrefix = "arXiv",
    doi = "10.1088/0264-9381/21/4/003",
    journal = "Class. Quant. Grav.",
    volume = "21",
    pages = "787--804",
    year = "2004"
}
@article{Estelles:2020twz,
    author = "Estell\'es, H\'ector and Husa, Sascha and Colleoni, Marta and Keitel, David and Mateu-Lucena, Maite and Garc\'\i{}a-Quir\'os, Cecilio and Ramos-Buades, Antoni and Borchers, Angela",
    title = "{Time-domain phenomenological model of gravitational-wave subdominant harmonics for quasicircular nonprecessing binary black hole coalescences}",
    eprint = "2012.11923",
    archivePrefix = "arXiv",
    primaryClass = "gr-qc",
    doi = "10.1103/PhysRevD.105.084039",
    journal = "Phys. Rev. D",
    volume = "105",
    number = "8",
    pages = "084039",
    year = "2022"
}
@article{Taracchini:2012ig,
    author = "Taracchini, Andrea and Pan, Yi and Buonanno, Alessandra and Barausse, Enrico and Boyle, Michael and Chu, Tony and Lovelace, Geoffrey and Pfeiffer, Harald P. and Scheel, Mark A.",
    title = "{Prototype effective-one-body model for nonprecessing spinning inspiral-merger-ringdown waveforms}",
    eprint = "1202.0790",
    archivePrefix = "arXiv",
    primaryClass = "gr-qc",
    doi = "10.1103/PhysRevD.86.024011",
    journal = "Phys. Rev. D",
    volume = "86",
    pages = "024011",
    year = "2012"
}
@article{Buonanno:2007pf,
    author = "Buonanno, Alessandra and Pan, Yi and Baker, John G. and Centrella, Joan and Kelly, Bernard J. and McWilliams, Sean T. and van Meter, James R.",
    title = "{Toward faithful templates for non-spinning binary black holes using the effective-one-body approach}",
    eprint = "0706.3732",
    archivePrefix = "arXiv",
    primaryClass = "gr-qc",
    doi = "10.1103/PhysRevD.76.104049",
    journal = "Phys. Rev. D",
    volume = "76",
    pages = "104049",
    year = "2007"
}
@article{Damour:2007xr,
    author = "Damour, Thibault and Nagar, Alessandro",
    title = "{Faithful effective-one-body waveforms of small-mass-ratio coalescing black-hole binaries}",
    eprint = "0705.2519",
    archivePrefix = "arXiv",
    primaryClass = "gr-qc",
    doi = "10.1103/PhysRevD.76.064028",
    journal = "Phys. Rev. D",
    volume = "76",
    pages = "064028",
    year = "2007"
}
@article{Gondan:2018khr,
    author = "Gond\'an, L\'aszl\'o and Kocsis, Bence",
    title = "{Measurement Accuracy of Inspiraling Eccentric Neutron Star and Black Hole Binaries Using Gravitational Waves}",
    eprint = "1809.00672",
    archivePrefix = "arXiv",
    primaryClass = "astro-ph.HE",
    doi = "10.3847/1538-4357/aaf893",
    journal = "Astrophys. J.",
    volume = "871",
    number = "2",
    pages = "178",
    year = "2019"
}
@article{Rodriguez:2018pss,
    author = "Rodriguez, Carl L. and Amaro-Seoane, Pau and Chatterjee, Sourav and Kremer, Kyle and Rasio, Frederic A. and Samsing, Johan and Ye, Claire S. and Zevin, Michael",
    title = "{Post-Newtonian Dynamics in Dense Star Clusters: Formation, Masses, and Merger Rates of Highly-Eccentric Black Hole Binaries}",
    eprint = "1811.04926",
    archivePrefix = "arXiv",
    primaryClass = "astro-ph.HE",
    doi = "10.1103/PhysRevD.98.123005",
    journal = "Phys. Rev. D",
    volume = "98",
    number = "12",
    pages = "123005",
    year = "2018"
}
@article{Talbot:2017yur,
    author = "Talbot, Colm and Thrane, Eric",
    title = "{Determining the population properties of spinning black holes}",
    eprint = "1704.08370",
    archivePrefix = "arXiv",
    primaryClass = "astro-ph.HE",
    doi = "10.1103/PhysRevD.96.023012",
    journal = "Phys. Rev. D",
    volume = "96",
    number = "2",
    pages = "023012",
    year = "2017"
}
@article{Rodriguez:2016vmx,
    author = "Rodriguez, Carl L. and Zevin, Michael and Pankow, Chris and Kalogera, Vasilliki and Rasio, Frederic A.",
    title = "{Illuminating Black Hole Binary Formation Channels with Spins in Advanced LIGO}",
    eprint = "1609.05916",
    archivePrefix = "arXiv",
    primaryClass = "astro-ph.HE",
    doi = "10.3847/2041-8205/832/1/L2",
    journal = "Astrophys. J. Lett.",
    volume = "832",
    number = "1",
    pages = "L2",
    year = "2016"
}
@article{Rodriguez:2019huv,
    author = "Rodriguez, Carl L. and Zevin, Michael and Amaro-Seoane, Pau and Chatterjee, Sourav and Kremer, Kyle and Rasio, Frederic A. and Ye, Claire S.",
    title = "{Black holes: The next generation\textemdash{}repeated mergers in dense star clusters and their gravitational-wave properties}",
    eprint = "1906.10260",
    archivePrefix = "arXiv",
    primaryClass = "astro-ph.HE",
    doi = "10.1103/PhysRevD.100.043027",
    journal = "Phys. Rev. D",
    volume = "100",
    number = "4",
    pages = "043027",
    year = "2019"
}
@article{Gerosa:2017kvu,
    author = "Gerosa, Davide and Berti, Emanuele",
    title = "{Are merging black holes born from stellar collapse or previous mergers?}",
    eprint = "1703.06223",
    archivePrefix = "arXiv",
    primaryClass = "gr-qc",
    doi = "10.1103/PhysRevD.95.124046",
    journal = "Phys. Rev. D",
    volume = "95",
    number = "12",
    pages = "124046",
    year = "2017"
}
@article{Belczynski:2016jno,
    author = "Belczynski, K. and others",
    title = "{The Effect of Pair-Instability Mass Loss on Black Hole Mergers}",
    eprint = "1607.03116",
    archivePrefix = "arXiv",
    primaryClass = "astro-ph.HE",
    doi = "10.1051/0004-6361/201628980",
    journal = "Astron. Astrophys.",
    volume = "594",
    pages = "A97",
    year = "2016"
}
@article{Woosley:2016hmi,
    author = "Woosley, S. E.",
    title = "{Pulsational Pair-Instability Supernovae}",
    eprint = "1608.08939",
    archivePrefix = "arXiv",
    primaryClass = "astro-ph.HE",
    doi = "10.3847/1538-4357/836/2/244",
    journal = "Astrophys. J.",
    volume = "836",
    number = "2",
    pages = "244",
    year = "2017"
}
@article{Gaia,
  doi = {10.48550/ARXIV.2208.00211},
  url = {https://arxiv.org/abs/2208.00211},
  author = {{Gaia Collaboration}},
  keywords = {Astrophysics of Galaxies (astro-ph.GA),  FOS: Physical sciences,  FOS: Physical sciences},
  title = {Gaia Data Release 3: Summary of the content and survey properties},
  publisher = {arXiv},
  year = {2022},
  copyright = {Creative Commons Attribution 4.0 International}
}
@article{Gardner:2006ky,
    author = "Gardner, Jonathan P. and others",
    title = "{The James Webb Space Telescope}",
    eprint = "astro-ph/0606175",
    archivePrefix = "arXiv",
    doi = "10.1007/s11214-006-8315-7",
    journal = "Space Sci. Rev.",
    volume = "123",
    pages = "485",
    year = "2006"
}
@article{Windhorst:2010ib,
    author = "Windhorst, Rogier A. and others",
    title = "{The Hubble Space Telescope Wide Field Camera 3 Early Release Science data: Panchromatic Faint Object Counts for 0.2-2 microns wavelength}",
    eprint = "1005.2776",
    archivePrefix = "arXiv",
    primaryClass = "astro-ph.CO",
    doi = "10.1088/0067-0049/193/2/27",
    journal = "Astrophys. J. Suppl.",
    volume = "193",
    pages = "27",
    year = "2011"
}
@article{Klebesadel:1973iq,
    author = "Klebesadel, Ray W. and Strong, Ian B. and Olson, Roy A.",
    title = "{Observations of Gamma-Ray Bursts of Cosmic Origin}",
    doi = "10.1086/181225",
    journal = "Astrophys. J. Lett.",
    volume = "182",
    pages = "L85--L88",
    year = "1973"
}
@article{infrared-James,
  doi = {10.48550/ARXIV.2207.09436},
  url = {https://arxiv.org/abs/2207.09436},
  author = {Castellano,  Marco and Fontana,  Adriano and Treu,  Tommaso and Santini,  Paola and Merlin,  Emiliano and Leethochawalit,  Nicha and Trenti,  Michele and Mestric,  Uros and Vanzella,  Eros and Bonchi,  Andrea and Belfiori,  Davide and Nonino,  Mario and Paris,  Diego and Polenta,  Gianluca and Roberts-Borsani,  Guido and Boyett,  Kristan and Bradac,  Marusa and Calabro,  Antonello and Glazebrook,  Karl and Grillo,  Claudio and Mascia,  Sara and Mason,  Charlotte and Mercurio,  Amata and Morishita,  Takahiro and Nanayakkara,  Themiya and Pentericci,  Laura and Rosati,  Piero and Vulcani,  Benedetta and Wang,  Xin and Yang,  Lilan},
  keywords = {Astrophysics of Galaxies (astro-ph.GA),  FOS: Physical sciences,  FOS: Physical sciences},
  title = {Early results from GLASS-JWST. III: Galaxy candidates at z$\sim$9-15},
  publisher = {arXiv},
  year = {2022},
  copyright = {arXiv.org perpetual,  non-exclusive license}
}
@article{Weisberg:2010zz,
    author = "Weisberg, J. M. and Nice, D. J. and Taylor, J. H.",
    title = "{Timing Measurements of the Relativistic Binary Pulsar PSR B1913+16}",
    eprint = "1011.0718",
    archivePrefix = "arXiv",
    primaryClass = "astro-ph.GA",
    doi = "10.1088/0004-637X/722/2/1030",
    journal = "Astrophys. J.",
    volume = "722",
    pages = "1030--1034",
    year = "2010"
}
@article{Hulse:1974eb,
    author = "Hulse, R. A. and Taylor, J. H.",
    title = "{Discovery of a pulsar in a binary system}",
    doi = "10.1086/181708",
    journal = "Astrophys. J. Lett.",
    volume = "195",
    pages = "L51--L53",
    year = "1975"
}
@article{Weber:1960zz,
    author = "Weber, J.",
    title = "{Detection and Generation of Gravitational Waves}",
    doi = "10.1103/PhysRev.117.306",
    journal = "Phys. Rev.",
    volume = "117",
    pages = "306--313",
    year = "1960"
}
@article{LIGOScientific:2016aoc,
    author = "Abbott, B. P. and others",
    collaboration = "LIGO Scientific, Virgo",
    title = "{Observation of Gravitational Waves from a Binary Black Hole Merger}",
    eprint = "1602.03837",
    archivePrefix = "arXiv",
    primaryClass = "gr-qc",
    reportNumber = "LIGO-P150914",
    doi = "10.1103/PhysRevLett.116.061102",
    journal = "Phys. Rev. Lett.",
    volume = "116",
    number = "6",
    pages = "061102",
    year = "2016"
}
@article{LIGOScientific:2007fwp,
    author = "Abbott, B. P. and others",
    collaboration = "LIGO Scientific",
    title = "{LIGO: The Laser interferometer gravitational-wave observatory}",
    eprint = "0711.3041",
    archivePrefix = "arXiv",
    primaryClass = "gr-qc",
    reportNumber = "LIGO-P070082-04",
    doi = "10.1088/0034-4885/72/7/076901",
    journal = "Rept. Prog. Phys.",
    volume = "72",
    pages = "076901",
    year = "2009"
}
@article{Penzias:1965wn,
    author = "Penzias, Arno A. and Wilson, Robert Woodrow",
    title = "{A Measurement of excess antenna temperature at 4080-Mc/s}",
    doi = "10.1086/148307",
    journal = "Astrophys. J.",
    volume = "142",
    pages = "419--421",
    year = "1965"
}
@inproceedings{Ghosh:2022xhn,
    author = "Ghosh, Abhirup",
    collaboration = "LIGO Scientific--Virgo--Kagra",
    title = "{Summary of Tests of General Relativity with GWTC-3}",
    booktitle = "{56th Rencontres de Moriond on Gravitation}",
    eprint = "2204.00662",
    archivePrefix = "arXiv",
    primaryClass = "gr-qc",
    reportNumber = "LIGO-P2200097",
    month = "4",
    year = "2022"
}
@article{LIGOScientific:2016lio,
    author = "Abbott, B. P. and others",
    collaboration = "LIGO Scientific, Virgo",
    title = "{Tests of general relativity with GW150914}",
    eprint = "1602.03841",
    archivePrefix = "arXiv",
    primaryClass = "gr-qc",
    reportNumber = "LIGO-P1500213",
    doi = "10.1103/PhysRevLett.116.221101",
    journal = "Phys. Rev. Lett.",
    volume = "116",
    number = "22",
    pages = "221101",
    year = "2016",
    note = "[Erratum: Phys.Rev.Lett. 121, 129902 (2018)]"
}
@article{LIGOScientific:2018dkp,
    author = "Abbott, B. P. and others",
    collaboration = "LIGO Scientific, Virgo",
    title = "{Tests of General Relativity with GW170817}",
    eprint = "1811.00364",
    archivePrefix = "arXiv",
    primaryClass = "gr-qc",
    reportNumber = "LIGO-P1800059",
    doi = "10.1103/PhysRevLett.123.011102",
    journal = "Phys. Rev. Lett.",
    volume = "123",
    number = "1",
    pages = "011102",
    year = "2019"
}
@article{LIGOScientific:2020tif,
    author = "Abbott, R. and others",
    collaboration = "LIGO Scientific, Virgo",
    title = "{Tests of general relativity with binary black holes from the second LIGO-Virgo gravitational-wave transient catalog}",
    eprint = "2010.14529",
    archivePrefix = "arXiv",
    primaryClass = "gr-qc",
    reportNumber = "LIGO-P2000091",
    doi = "10.1103/PhysRevD.103.122002",
    journal = "Phys. Rev. D",
    volume = "103",
    number = "12",
    pages = "122002",
    year = "2021"
}
@article{Nissanke:2013fka,
    author = "Nissanke, Samaya and Holz, Daniel E. and Dalal, Neal and Hughes, Scott A. and Sievers, Jonathan L. and Hirata, Christopher M.",
    title = "{Determining the Hubble constant from gravitational wave observations of merging compact binaries}",
    eprint = "1307.2638",
    archivePrefix = "arXiv",
    primaryClass = "astro-ph.CO",
    month = "7",
    year = "2013"
}
@article{Palmese:2021mjm,
    author = "Palmese, Antonella and Bom, Clecio R. and Mucesh, Sunil and Hartley, William G.",
    title = "{A Standard Siren Measurement of the Hubble Constant Using Gravitational-wave Events from the First Three LIGO/Virgo Observing Runs and the DESI Legacy Survey}",
    eprint = "2111.06445",
    archivePrefix = "arXiv",
    primaryClass = "astro-ph.CO",
    doi = "10.3847/1538-4357/aca6e3",
    journal = "Astrophys. J.",
    volume = "943",
    number = "1",
    pages = "56",
    year = "2023"
}
@article{Rodriguez:2016vmx,
    author = "Rodriguez, Carl L. and Zevin, Michael and Pankow, Chris and Kalogera, Vasilliki and Rasio, Frederic A.",
    title = "{Illuminating Black Hole Binary Formation Channels with Spins in Advanced LIGO}",
    eprint = "1609.05916",
    archivePrefix = "arXiv",
    primaryClass = "astro-ph.HE",
    doi = "10.3847/2041-8205/832/1/L2",
    journal = "Astrophys. J. Lett.",
    volume = "832",
    number = "1",
    pages = "L2",
    year = "2016"
}
@article{Antelis:2016icm,
    author = "Antelis, Javier M. and Moreno, Claudia",
    title = "{Obtaining gravitational waves from inspiral binary systems using LIGO data}",
    eprint = "1610.03567",
    archivePrefix = "arXiv",
    primaryClass = "astro-ph.IM",
    doi = "10.1140/epjp/i2017-11283-5",
    journal = "Eur. Phys. J. Plus",
    volume = "132",
    number = "1",
    pages = "10",
    year = "2017",
    note = "[Erratum: Eur.Phys.J.Plus 132, 103 (2017)]"
}
@article{Gayathri:2020coq,
    author = "Gayathri, V. and Healy, J. and Lange, J. and O'Brien, B. and Szczepanczyk, M. and Bartos, Imre and Campanelli, M. and Klimenko, S. and Lousto, C. O. and O'Shaughnessy, R.",
    title = "{Eccentricity estimate for black hole mergers with numerical relativity simulations}",
    eprint = "2009.05461",
    archivePrefix = "arXiv",
    primaryClass = "astro-ph.HE",
    doi = "10.1038/s41550-021-01568-w",
    journal = "Nature Astron.",
    volume = "6",
    number = "3",
    pages = "344--349",
    year = "2022"
}
@article{Kalogera:1999tq,
    author = "Kalogera, Vassiliki",
    title = "{Spin orbit misalignment in close binaries with two compact objects}",
    eprint = "astro-ph/9911417",
    archivePrefix = "arXiv",
    doi = "10.1086/309400",
    journal = "Astrophys. J.",
    volume = "541",
    pages = "319--328",
    year = "2000"
}
@article{Gompertz:2021xub,
    author = "Gompertz, B. P. and Nicholl, M. and Schmidt, P. and Pratten, G. and Vecchio, A.",
    title = "{Constraints on compact binary merger evolution from spin-orbit misalignment in gravitational-wave observations}",
    eprint = "2108.10184",
    archivePrefix = "arXiv",
    primaryClass = "astro-ph.HE",
    doi = "10.1093/mnras/stac029",
    journal = "Mon. Not. Roy. Astron. Soc.",
    volume = "511",
    number = "1",
    pages = "1454--1461",
    year = "2022"
}
@article{Stevenson:2017dlk,
    author = "Stevenson, Simon and Berry, Christopher P. L. and Mandel, Ilya",
    title = "{Hierarchical analysis of gravitational-wave measurements of binary black hole spin\textendash{}orbit misalignments}",
    eprint = "1703.06873",
    archivePrefix = "arXiv",
    primaryClass = "astro-ph.HE",
    doi = "10.1093/mnras/stx1764",
    journal = "Mon. Not. Roy. Astron. Soc.",
    volume = "471",
    number = "3",
    pages = "2801--2811",
    year = "2017"
}
@article{Klein:2021jtd,
    author = "Klein, Antoine",
    title = "{EFPE: Efficient fully precessing eccentric gravitational waveforms for binaries with long inspirals}",
    eprint = "2106.10291",
    archivePrefix = "arXiv",
    primaryClass = "gr-qc",
    month = "6",
    year = "2021"
}
@article{Joshi:2022ocr,
    author = "Joshi, Abhishek V. and Rosofsky, Shawn G. and Haas, Roland and Huerta, E. A.",
    title = "{Numerical relativity higher order gravitational waveforms of eccentric, spinning, nonprecessing binary black hole mergers}",
    eprint = "2210.01852",
    archivePrefix = "arXiv",
    primaryClass = "gr-qc",
    doi = "10.1103/PhysRevD.107.064038",
    journal = "Phys. Rev. D",
    volume = "107",
    number = "6",
    pages = "064038",
    year = "2023"
}
@article{Romero-Shaw:2022fbf,
    author = "Romero-Shaw, Isobel M. and Gerosa, Davide and Loutrel, Nicholas",
    title = "{Eccentricity or spin precession? Distinguishing subdominant effects in gravitational-wave data}",
    eprint = "2211.07528",
    archivePrefix = "arXiv",
    primaryClass = "astro-ph.HE",
    doi = "10.1093/mnras/stad031",
    journal = "Mon. Not. Roy. Astron. Soc.",
    volume = "519",
    number = "4",
    pages = "5352--5357",
    year = "2023"
}
@article{Bandopadhyay:2022tbi,
    author = "Bandopadhyay, Ananya and Reed, Brendan and Padamata, Surendra and Leon, Erick and Horowitz, C. J. and Brown, Duncan A. and Radice, David and Fattoyev, F. J. and Piekarewicz, J.",
    title = "{Detectability of subsolar mass neutron stars through a template bank search}",
    eprint = "2212.03855",
    archivePrefix = "arXiv",
    primaryClass = "astro-ph.HE",
    doi = "10.1103/PhysRevD.107.103012",
    journal = "Phys. Rev. D",
    volume = "107",
    number = "10",
    pages = "103012",
    year = "2023"
}
@article{Silva:2016myw,
    author = "Silva, Hector O. and Sotani, Hajime and Berti, Emanuele",
    title = "{Low-mass neutron stars: universal relations, the nuclear symmetry energy and gravitational radiation}",
    eprint = "1601.03407",
    archivePrefix = "arXiv",
    primaryClass = "astro-ph.HE",
    doi = "10.1093/mnras/stw969",
    journal = "Mon. Not. Roy. Astron. Soc.",
    volume = "459",
    number = "4",
    pages = "4378--4388",
    year = "2016"
}
@article{Carr:2020gox,
    author = "Carr, Bernard and Kohri, Kazunori and Sendouda, Yuuiti and Yokoyama, Jun'ichi",
    title = "{Constraints on primordial black holes}",
    eprint = "2002.12778",
    archivePrefix = "arXiv",
    primaryClass = "astro-ph.CO",
    reportNumber = "RESCEU-03/20; KEK-Cosmo-249; KEK-TH-2199; IPMU20-0024",
    doi = "10.1088/1361-6633/ac1e31",
    journal = "Rept. Prog. Phys.",
    volume = "84",
    number = "11",
    pages = "116902",
    year = "2021"
}
@article{Sasaki:2018dmp,
    author = "Sasaki, Misao and Suyama, Teruaki and Tanaka, Takahiro and Yokoyama, Shuichiro",
    title = "{Primordial black holes\textemdash{}perspectives in gravitational wave astronomy}",
    eprint = "1801.05235",
    archivePrefix = "arXiv",
    primaryClass = "astro-ph.CO",
    doi = "10.1088/1361-6382/aaa7b4",
    journal = "Class. Quant. Grav.",
    volume = "35",
    number = "6",
    pages = "063001",
    year = "2018"
}
@article{Nitz:2022ltl,
    author = "Nitz, Alexander H. and Wang, Yi-Fan",
    title = "{Broad search for gravitational waves from subsolar-mass binaries through LIGO and Virgo\textquoteright{}s third observing run}",
    eprint = "2202.11024",
    archivePrefix = "arXiv",
    primaryClass = "astro-ph.HE",
    doi = "10.1103/PhysRevD.106.023024",
    journal = "Phys. Rev. D",
    volume = "106",
    number = "2",
    pages = "023024",
    year = "2022"
}
@article{LIGOScientific:2022hai,
    author = "Abbott, R. and others",
    collaboration = "LIGO Scientific, VIRGO, KAGRA",
    title = "{Search for subsolar-mass black hole binaries in the second part of Advanced LIGO's and Advanced Virgo's third observing run}",
    eprint = "2212.01477",
    archivePrefix = "arXiv",
    primaryClass = "astro-ph.HE",
    reportNumber = "https://dcc.ligo.org/P2200139",
    month = "12",
    year = "2022"
}
@phdthesis{Schafer:2023pbm,
    author = {Sch\"afer, Marlin Benedikt},
    title = "{Machine learning applications in search algorithms for gravitational waves from compact binary mergers}",
    doi = "10.15488/13237",
    school = "Leibniz U., Hannover",
    year = "2023"
}
