@article{LLOID,
	doi = {10.1088/0004-637x/748/2/136},
	url = {https://doi.org/10.1088/0004-637x/748/2/136},
	year = 2012,
	month = {mar},
	publisher = {American Astronomical Society},
	volume = {748},
	number = {2},
	pages = {136},
	author = {Kipp Cannon and Romain Cariou and Adrian Chapman and Mireia Crispin-Ortuzar and Nickolas Fotopoulos and Melissa Frei and Chad Hanna and Erin Kara and Drew Keppel and Laura Liao and Stephen Privitera and Antony Searle and Leo Singer and Alan Weinstein},
	title = {{TOWARD} {EARLY}-{WARNING} {DETECTION} {OF} {GRAVITATIONAL} {WAVES} {FROM} {COMPACT} {BINARY} {COALESCENCE}},
	journal = {The Astrophysical Journal},
	abstract = {Rapid detection of compact binary coalescence (CBC) with a network of advanced gravitational-wave detectors will offer a unique opportunity for multi-messenger astronomy. Prompt detection alerts for the astronomical community might make it possible to observe the onset of electromagnetic emission from CBC. We demonstrate a computationally practical filtering strategy that could produce early-warning triggers before gravitational radiation from the final merger has arrived at the detectors.}
}

@article{BNS-1,
    author = "Abbott, B. P. and others",
    collaboration = "LIGO Scientific, Virgo",
    title = "{GW170817: Observation of Gravitational Waves from a Binary Neutron Star Inspiral}",
    eprint = "1710.05832",
    archivePrefix = "arXiv",
    primaryClass = "gr-qc",
    reportNumber = "LIGO-P170817",
    doi = "10.1103/PhysRevLett.119.161101",
    journal = "Phys. Rev. Lett.",
    volume = "119",
    number = "16",
    pages = "161101",
    year = "2017"
}


@article{BNS-2,
    author = "Abbott, B. P. and others",
    collaboration = "LIGO Scientific, Virgo",
    title = "{GW190425: Observation of a Compact Binary Coalescence with Total Mass $\sim 3.4 M_{\odot}$}",
    eprint = "2001.01761",
    archivePrefix = "arXiv",
    primaryClass = "astro-ph.HE",
    reportNumber = "LIGO-P190425",
    doi = "10.3847/2041-8213/ab75f5",
    journal = "Astrophys. J. Lett.",
    volume = "892",
    number = "1",
    pages = "L3",
    year = "2020"
}

@misc{evans2021horizon,
      title={A Horizon Study for Cosmic Explorer: Science, Observatories, and Community}, 
      author={Matthew Evans et al.},
      year={2021},
      eprint={2109.09882},
      archivePrefix={arXiv},
      primaryClass={astro-ph.IM}
}


@article{Glitches1,
    author = "Abbott, B. P. and others",
    collaboration = "LIGO Scientific, Virgo",
    title = "{Characterization of transient noise in Advanced LIGO relevant to gravitational wave signal GW150914}",
    eprint = "1602.03844",
    archivePrefix = "arXiv",
    primaryClass = "gr-qc",
    doi = "10.1088/0264-9381/33/13/134001",
    journal = "Class. Quant. Grav.",
    volume = "33",
    number = "13",
    pages = "134001",
    year = "2016"
}


@article{Glitches2,
    author = "Cabero, Miriam and others",
    title = "{Blip glitches in Advanced LIGO data}",
    eprint = "1901.05093",
    archivePrefix = "arXiv",
    primaryClass = "physics.ins-det",
    doi = "10.1088/1361-6382/ab2e14",
    journal = "Class. Quant. Grav.",
    volume = "36",
    number = "15",
    pages = "15",
    year = "2019"
}


@article{Vetoes1,
    author = "Abbott, B P and others",
    collaboration = "LIGO Scientific, Virgo",
    title = "{Effects of data quality vetoes on a search for compact binary coalescences in Advanced LIGO\textquoteright{}s first observing run}",
    eprint = "1710.02185",
    archivePrefix = "arXiv",
    primaryClass = "gr-qc",
    doi = "10.1088/1361-6382/aaaafa",
    journal = "Class. Quant. Grav.",
    volume = "35",
    number = "6",
    pages = "065010",
    year = "2018"
}


@article{roq-2013,
  title = {Gravitational wave parameter estimation with compressed likelihood evaluations},
  author = {Canizares, Priscilla and Field, Scott E. and Gair, Jonathan R. and Tiglio, Manuel},
  journal = {Phys. Rev. D},
  volume = {87},
  issue = {12},
  pages = {124005},
  numpages = {16},
  year = {2013},
  month = {Jun},
  publisher = {American Physical Society},
  doi = {10.1103/PhysRevD.87.124005},
  url = {https://link.aps.org/doi/10.1103/PhysRevD.87.124005}
}

@article{Random_projections,
  title = {Random projections in gravitational wave searches of compact binaries},
  author = {Kulkarni, Sumeet and Phukon, K.S. and Reza, Amit and Bose, Sukanta and Dasgupta, Anirban and Krishnaswamy, Dilip and Sengupta, A.S.},
  journal = {Phys. Rev. D},
  volume = {99},
  issue = {10},
  pages = {101503},
  numpages = {6},
  year = {2019},
  month = {May},
  publisher = {American Physical Society},
  doi = {10.1103/PhysRevD.99.101503},
  url = {https://link.aps.org/doi/10.1103/PhysRevD.99.101503}
}
@article{tau0_tau3,
  title = {Choice of filters for the detection of gravitational waves from coalescing binaries},
  author = {Sathyaprakash, B. S. and Dhurandhar, S. V.},
  journal = {Phys. Rev. D},
  volume = {44},
  issue = {12},
  pages = {3819--3834},
  numpages = {0},
  year = {1991},
  month = {Dec},
  publisher = {American Physical Society},
  doi = {10.1103/PhysRevD.44.3819},
  url = {https://link.aps.org/doi/10.1103/PhysRevD.44.3819}
}

@article{LIGOdetector,
    author = "Abbott, B. P. and others",
    collaboration = "LIGO Scientific, Virgo",
    title = "{GW150914: The Advanced LIGO Detectors in the Era of First Discoveries}",
    eprint = "1602.03838",
    archivePrefix = "arXiv",
    primaryClass = "gr-qc",
    reportNumber = "LIGO-P1500237",
    doi = "10.1103/PhysRevLett.116.131103",
    journal = "Phys. Rev. Lett.",
    volume = "116",
    number = "13",
    pages = "131103",
    year = "2016"
}

@article{VIRGOdetector,
    author = "Acernese, F. and others",
    collaboration = "VIRGO",
    title = "{Advanced Virgo: a second-generation interferometric gravitational wave detector}",
    eprint = "1408.3978",
    archivePrefix = "arXiv",
    primaryClass = "gr-qc",
    doi = "10.1088/0264-9381/32/2/024001",
    journal = "Class. Quant. Grav.",
    volume = "32",
    number = "2",
    pages = "024001",
    year = "2015"
}

@article{GWTC1,
    author = "Abbott, B. P. and others",
    collaboration = "LIGO Scientific, Virgo",
    title = "{GWTC-1: A Gravitational-Wave Transient Catalog of Compact Binary Mergers Observed by LIGO and Virgo during the First and Second Observing Runs}",
    eprint = "1811.12907",
    archivePrefix = "arXiv",
    primaryClass = "astro-ph.HE",
    reportNumber = "LIGO-P1800307",
    doi = "10.1103/PhysRevX.9.031040",
    journal = "Phys. Rev. X",
    volume = "9",
    number = "3",
    pages = "031040",
    year = "2019"
}


@article{GWTC2,
    author = "Abbott, R. and others",
    collaboration = "LIGO Scientific, Virgo",
    title = "{GWTC-2: Compact Binary Coalescences Observed by LIGO and Virgo During the First Half of the Third Observing Run}",
    eprint = "2010.14527",
    archivePrefix = "arXiv",
    primaryClass = "gr-qc",
    reportNumber = "P2000061",
    doi = "10.1103/PhysRevX.11.021053",
    journal = "Phys. Rev. X",
    volume = "11",
    pages = "021053",
    year = "2021"
}


@article{NS_BH,
    author = "Abbott, R. and others",
    collaboration = "LIGO Scientific, KAGRA, VIRGO",
    title = "{Observation of Gravitational Waves from Two Neutron Star\textendash{}Black Hole Coalescences}",
    eprint = "2106.15163",
    archivePrefix = "arXiv",
    primaryClass = "astro-ph.HE",
    reportNumber = "LIGO Document P2000357",
    doi = "10.3847/2041-8213/ac082e",
    journal = "Astrophys. J. Lett.",
    volume = "915",
    number = "1",
    pages = "L5",
    year = "2021"
}

@article{NS_eq_state,
    author = "Markakis, Charalampos and Read, Jocelyn S. and Shibata, Masaru and Uryu, Koji and Creighton, Jolien D. E. and Friedman, John L. and Lackey, Benjamin D.",
    title = "{Neutron star equation of state via gravitational wave observations}",
    eprint = "1110.3759",
    archivePrefix = "arXiv",
    primaryClass = "gr-qc",
    doi = "10.1088/1742-6596/189/1/012024",
    journal = "J. Phys. Conf. Ser.",
    volume = "189",
    pages = "012024",
    year = "2009"
}

@article{physics_NS,
    author = "Sathyaprakash, B. S. and Schutz, B. F.",
    title = "{Physics, Astrophysics and Cosmology with Gravitational Waves}",
    eprint = "0903.0338",
    archivePrefix = "arXiv",
    primaryClass = "gr-qc",
    doi = "10.12942/lrr-2009-2",
    journal = "Living Rev. Rel.",
    volume = "12",
    pages = "2",
    year = "2009"
}

@article{BBH_pop,
    author = "Abbott, B. P. and others",
    collaboration = "LIGO Scientific, Virgo",
    title = "{Binary Black Hole Population Properties Inferred from the First and Second Observing Runs of Advanced LIGO and Advanced Virgo}",
    eprint = "1811.12940",
    archivePrefix = "arXiv",
    primaryClass = "astro-ph.HE",
    reportNumber = "LIGO-P1800324",
    doi = "10.3847/2041-8213/ab3800",
    journal = "Astrophys. J. Lett.",
    volume = "882",
    number = "2",
    pages = "L24",
    year = "2019"
}

@article{ET,
    author = "Maggiore, Michele and others",
    title = "{Science Case for the Einstein Telescope}",
    eprint = "1912.02622",
    archivePrefix = "arXiv",
    primaryClass = "astro-ph.CO",
    doi = "10.1088/1475-7516/2020/03/050",
    journal = "JCAP",
    volume = "03",
    pages = "050",
    year = "2020"
}
@article{bruce_chisq,
    author = "Allen, Bruce",
    title = "{${\chi}^{2}$ time-frequency discriminator for gravitational wave detection}",
    eprint = "gr-qc/0405045",
    archivePrefix = "arXiv",
    doi = "10.1103/PhysRevD.71.062001",
    journal = "Phys. Rev. D",
    volume = "71",
    pages = "062001",
    year = "2005"
}

@article{Phenom,
    author = "Khan, Sebastian and Chatziioannou, Katerina and Hannam, Mark and Ohme, Frank",
    title = "{Phenomenological model for the gravitational-wave signal from precessing binary black holes with two-spin effects}",
    eprint = "1809.10113",
    archivePrefix = "arXiv",
    primaryClass = "gr-qc",
    doi = "10.1103/PhysRevD.100.024059",
    journal = "Phys. Rev. D",
    volume = "100",
    number = "2",
    pages = "024059",
    year = "2019"
}


@article{EOB,
    author = "Boh\'e, Alejandro and Shao, Lijing and Taracchini, Andrea and Buonanno, Alessandra and Babak, Stanislav and \textit{et al}. ",
    title = "{Improved effective-one-body model of spinning, nonprecessing binary black holes for the era of gravitational-wave astrophysics with advanced detectors}",
    eprint = "1611.03703",
    archivePrefix = "arXiv",
    primaryClass = "gr-qc",
    reportNumber = "LIGO-P1600315",
    doi = "10.1103/PhysRevD.95.044028",
    journal = "Phys. Rev. D",
    volume = "95",
    number = "4",
    pages = "044028",
    year = "2017"
}

@article{NR,
    author = "Blackman, Jonathan and Field, Scott E. and Scheel, Mark A. and Galley, Chad R. and Ott, Christian D. and Boyle, Michael and Kidder, Lawrence E. and Pfeiffer, Harald P. and Szil\'agyi, B\'ela",
    title = "{Numerical relativity waveform surrogate model for generically precessing binary black hole mergers}",
    eprint = "1705.07089",
    archivePrefix = "arXiv",
    primaryClass = "gr-qc",
    reportNumber = "YITP-17-44",
    doi = "10.1103/PhysRevD.96.024058",
    journal = "Phys. Rev. D",
    volume = "96",
    number = "2",
    pages = "024058",
    year = "2017"
}
@article{ianharry_precession,
    author = "Harry, Ian and Privitera, Stephen and Boh\'e, Alejandro and Buonanno, Alessandra",
    title = "{Searching for Gravitational Waves from Compact Binaries with Precessing Spins}",
    eprint = "1603.02444",
    archivePrefix = "arXiv",
    primaryClass = "gr-qc",
    doi = "10.1103/PhysRevD.94.024012",
    journal = "Phys. Rev. D",
    volume = "94",
    number = "2",
    pages = "024012",
    year = "2016"
}

@article{TB_hybrid,
    author = "Roy, Soumen and Sengupta, Anand S. and Thakor, Nilay",
    title = "{Hybrid geometric-random template-placement algorithm for gravitational wave searches from compact binary coalescences}",
    eprint = "1702.06771",
    archivePrefix = "arXiv",
    primaryClass = "gr-qc",
    reportNumber = "LIGO-P1700021",
    doi = "10.1103/PhysRevD.95.104045",
    journal = "Phys. Rev. D",
    volume = "95",
    number = "10",
    pages = "104045",
    year = "2017"
}

@article{TB_effectual,
    author = "Roy, Soumen and Sengupta, Anand S. and Ajith, Parameswaran",
    title = "{Effectual template banks for upcoming compact binary searches in Advanced-LIGO and Virgo data}",
    eprint = "1711.08743",
    archivePrefix = "arXiv",
    primaryClass = "gr-qc",
    reportNumber = "LIGO Document P1700396, LIGO-DOCUMENT-P1700396",
    doi = "10.1103/PhysRevD.99.024048",
    journal = "Phys. Rev. D",
    volume = "99",
    number = "2",
    pages = "024048",
    year = "2019"
}

@article{TB_lattice1,
    author = "Babak, S. and Balasubramanian, R. and Churches, D. and Cokelaer, T. and Sathyaprakash, B. S.",
    title = "{A Template bank to search for gravitational waves from inspiralling compact binaries. I. Physical models}",
    eprint = "gr-qc/0604037",
    archivePrefix = "arXiv",
    doi = "10.1088/0264-9381/23/18/002",
    journal = "Class. Quant. Grav.",
    volume = "23",
    pages = "5477--5504",
    year = "2006"
}
@article{TB_stochastic1,
    author = "Ajith, P. and Fotopoulos, N. and Privitera, S. and Neunzert, A. and Mazumder, N. and Weinstein, A. J.",
    title = "{Effectual template bank for the detection of gravitational waves from inspiralling compact binaries with generic spins}",
    eprint = "1210.6666",
    archivePrefix = "arXiv",
    primaryClass = "gr-qc",
    reportNumber = "LIGO-P1200106-V2, LIGO-P1200106-V3",
    doi = "10.1103/PhysRevD.89.084041",
    journal = "Phys. Rev. D",
    volume = "89",
    number = "8",
    pages = "084041",
    year = "2014"
}

@article{TB_stochastic2,
    author = "Harry, Ian W. and Allen, Bruce and Sathyaprakash, B. S.",
    title = "{A Stochastic template placement algorithm for gravitational wave data analysis}",
    eprint = "0908.2090",
    archivePrefix = "arXiv",
    primaryClass = "gr-qc",
    doi = "10.1103/PhysRevD.80.104014",
    journal = "Phys. Rev. D",
    volume = "80",
    pages = "104014",
    year = "2009"
}


@article{Searching_CBC,
    author = "Babak, S. and Biswas, R. and Brady, P.R. and Brown, D.A. and Cannon, K. and Capano, C.D and \textit{et al.}",
    title = "{Searching for gravitational waves from binary coalescence}",
    eprint = "1208.3491",
    archivePrefix = "arXiv",
    primaryClass = "gr-qc",
    doi = "10.1103/PhysRevD.87.024033",
    journal = "Phys. Rev. D",
    volume = "87",
    number = "2",
    pages = "024033",
    year = "2013"
}


@article{SVD_initial,
    author = "Cannon, Kipp and Chapman, Adrian and Hanna, Chad and Keppel, Drew and Searle, Antony C. and Weinstein, Alan J.",
    title = "{Singular value decomposition applied to compact binary coalescence gravitational-wave signals}",
    eprint = "1005.0012",
    archivePrefix = "arXiv",
    primaryClass = "gr-qc",
    reportNumber = "LIGO-P1000037-V2",
    doi = "10.1103/PhysRevD.82.044025",
    journal = "Phys. Rev. D",
    volume = "82",
    pages = "044025",
    year = "2010"
}

@article{SPIIR_initial,
    author = "Hooper, Shaun and Chung, Shin Kee and Luan, Jing and Blair, David and Chen, Yanbei and Wen, Linqing",
    title = "{Summed Parallel Infinite Impulse Response (SPIIR) Filters For Low-Latency Gravitational Wave Detection}",
    eprint = "1108.3186",
    archivePrefix = "arXiv",
    primaryClass = "gr-qc",
    doi = "10.1103/PhysRevD.86.024012",
    journal = "Phys. Rev. D",
    volume = "86",
    pages = "024012",
    year = "2012"
}

@article{GSTlal_online,
    author = "Abbott, B. P. and others",
    collaboration = "LIGO Scientific, Virgo",
    title = "{Low-latency Gravitational-wave Alerts for Multimessenger Astronomy during the Second Advanced LIGO and Virgo Observing Run}",
    eprint = "1901.03310",
    archivePrefix = "arXiv",
    primaryClass = "astro-ph.HE",
    reportNumber = "LIGO-P1800255",
    doi = "10.3847/1538-4357/ab0e8f",
    journal = "Astrophys. J.",
    volume = "875",
    number = "2",
    pages = "161",
    year = "2019"
}


@INPROCEEDINGS{SPIIR_GPU,
  author={Guo, Xiaoyang and Chu, Qi and Du, Zhihui and Went, Linqing},
  booktitle={2018 26th European Signal Processing Conference (EUSIPCO)}, 
  title={GPU-Optimised Low-Latency Online Search for Gravitational Waves from Binary Coalescences}, 
  year={2018},
  volume={},
  number={},
  pages={2638-2642},
  doi={10.23919/EUSIPCO.2018.8553574}
  }


@article{mbta_latest,
    author = "Aubin, F. and others",
    title = "{The MBTA pipeline for detecting compact binary coalescences in the third LIGO\textendash{}Virgo observing run}",
    eprint = "2012.11512",
    archivePrefix = "arXiv",
    primaryClass = "gr-qc",
    doi = "10.1088/1361-6382/abe913",
    journal = "Class. Quant. Grav.",
    volume = "38",
    number = "9",
    pages = "095004",
    year = "2021"
}
@inproceedings{Lanczos,
    author = {Wang, Xuansheng and Chen, Beidun and Sheng, Jianqiang and Zheng, Hongying and Dan, Tangren and Wu, Xianfeng},
    title = {An Improved Lanczos Algorithm for Principal Component Analysis},
    year = {2020},
    isbn = {9781450376730},
    publisher = {Association for Computing Machinery},
    address = {New York, NY, USA},
    url = {https://doi.org/10.1145/3379247.3379250},
    doi = {10.1145/3379247.3379250},
    abstract = {In this paper, we propose an improved Lanczos algorithm for principal component analysis.
    This algorithm is to get a low rank approximation which is identical to truncated
    singular valued decomposition, but it is much cheaper. Since this algorithm is only
    an extension of Lanczos algorithm to improve its approximation capabilities, we call
    it extended Lanczos algorithm, and it can keep the computational cost and get much
    better results in principal component analysis. From numerical experiments, we can
    demonstrate that our method can work effectively.},
    booktitle = {Proceedings of 2020 the 6th International Conference on Computing and Data Engineering},
    pages = {70–74},
    numpages = {5},
    keywords = {Principal Component Analysis, Extended Lanczos Algorithm, Lanczos Algorithm, Singular Value Decomposition},
    location = {Sanya, China},
    series = {ICCDE 2020}
    }

@article{2ogc,
    author = "Nitz, Alexander H. and Dent, Thomas and Davies, Gareth S. and Kumar, Sumit and Capano, Collin D. and Harry, Ian and Mozzon, Simone and Nuttall, Laura and Lundgren, Andrew and T\'apai, M\'arton",
    title = "{2-OGC: Open Gravitational-wave Catalog of binary mergers from analysis of public Advanced LIGO and Virgo data}",
    eprint = "1910.05331",
    archivePrefix = "arXiv",
    primaryClass = "astro-ph.HE",
    doi = "10.3847/1538-4357/ab733f",
    journal = "Astrophys. J.",
    volume = "891",
    pages = "123",
    month = "3",
    year = "2020"
}
@article{TB_used,
    author = "Dal Canton, Tito and Harry, Ian W.",
    title = "{Designing a template bank to observe compact binary coalescences in Advanced LIGO's second observing run}",
    eprint = "1705.01845",
    archivePrefix = "arXiv",
    primaryClass = "gr-qc",
    reportNumber = "LIGO-P1700085",
    month = "5",
    year = "2017"
}
@article{bhooshan,
    author = "Gadre, Bhooshan and Mitra, Sanjit and Dhurandhar, Sanjeev",
    title = "{Hierarchical search strategy for the efficient detection of gravitational waves from nonprecessing coalescing compact binaries with aligned-spins}",
    eprint = "1807.06803",
    archivePrefix = "arXiv",
    primaryClass = "astro-ph.IM",
    reportNumber = "IUCAA-05/2018, LIGO-P1800160",
    doi = "10.1103/PhysRevD.99.124035",
    journal = "Phys. Rev. D",
    volume = "99",
    number = "12",
    pages = "124035",
    year = "2019"
}

@article{hierarchy_mass,
    author = "Mohanty, S. D. and Dhurandhar, S. V.",
    title = "{A hierarchical search strategy for the detection of gravitational waves from coalescing binaries}",
    reportNumber = "IUCAA-12-96",
    doi = "10.1103/PhysRevD.54.7108",
    journal = "Phys. Rev. D",
    volume = "54",
    pages = "7108--7128",
    year = "1996"
}


@article{hierarchy_tau0,
    author = "Sengupta, Anand S. and Dhurandhar, Sanjeev V. and Lazzarini, Albert and Prince, Tom",
    editor = "Blair, D. G.",
    title = "{Extended hierarchical search (EHS) algorithm for detection of gravitational waves from inspiraling compact binaries}",
    eprint = "gr-qc/0109088",
    archivePrefix = "arXiv",
    reportNumber = "IUCAA-42-2001, LIGO-P010020-00-E",
    doi = "10.1088/0264-9381/19/7/337",
    journal = "Class. Quant. Grav.",
    volume = "19",
    pages = "1507--1512",
    year = "2002"
}
@article{pycbc_offline,
    author = "Usman, Samantha A. and others",
    title = "{The PyCBC search for gravitational waves from compact binary coalescence}",
    eprint = "1508.02357",
    archivePrefix = "arXiv",
    primaryClass = "gr-qc",
    reportNumber = "LIGO-P1500086",
    doi = "10.1088/0264-9381/33/21/215004",
    journal = "Class. Quant. Grav.",
    volume = "33",
    number = "21",
    pages = "215004",
    year = "2016"
}


@article{mbta_online,
    author = "Adams, T. and Buskulic, D. and Germain, V. and Guidi, G. M. and Marion, F. and Montani, M. and Mours, B. and Piergiovanni, F. and Wang, G.",
    title = "{Low-latency analysis pipeline for compact binary coalescences in the advanced gravitational wave detector era}",
    eprint = "1512.02864",
    archivePrefix = "arXiv",
    primaryClass = "gr-qc",
    doi = "10.1088/0264-9381/33/17/175012",
    journal = "Class. Quant. Grav.",
    volume = "33",
    number = "17",
    pages = "175012",
    year = "2016"
}
@article{event-rate,
    author = "Abbott, B. P. and others",
    collaboration = "LIGO Scientific, Virgo",
    title = "{The Rate of Binary Black Hole Mergers Inferred from Advanced LIGO Observations Surrounding GW150914}",
    eprint = "1602.03842",
    archivePrefix = "arXiv",
    primaryClass = "astro-ph.HE",
    reportNumber = "LIGO-P1500217",
    doi = "10.3847/2041-8205/833/1/L1",
    journal = "Astrophys. J. Lett.",
    volume = "833",
    number = "1",
    pages = "L1",
    year = "2016"
}
@article{CE-newsources,
    author = "Ng, Ken K. Y. and Chen, Shiqi and Goncharov, Boris and Dupletsa, Ulyana and Borhanian, Ssohrab and Branchesi, Marica and Harms, Jan and Maggiore, Michele and Sathyaprakash, B. S. and Vitale, Salvatore",
    title = "{On the single-event-based identification of primordial black hole mergers at cosmological distances}",
    eprint = "2108.07276",
    archivePrefix = "arXiv",
    primaryClass = "astro-ph.CO",
    month = "8",
    year = "2021"
}

@article{CE-intro,
    author = "Reitze, David and others",
    title = "{Cosmic Explorer: The U.S. Contribution to Gravitational-Wave Astronomy beyond LIGO}",
    eprint = "1907.04833",
    archivePrefix = "arXiv",
    primaryClass = "astro-ph.IM",
    reportNumber = "LIGO-P1900316",
    journal = "Bull. Am. Astron. Soc.",
    volume = "51",
    number = "7",
    pages = "035",
    year = "2019"
}


@article{LISA-newsources,
    author = "Babak, Stanislav and Gair, Jonathan and Sesana, Alberto and Barausse, Enrico and Sopuerta, Carlos F. and Berry, Christopher P. L. and Berti, Emanuele and Amaro-Seoane, Pau and Petiteau, Antoine and Klein, Antoine",
    title = "{Science with the space-based interferometer LISA. V: Extreme mass-ratio inspirals}",
    eprint = "1703.09722",
    archivePrefix = "arXiv",
    primaryClass = "gr-qc",
    doi = "10.1103/PhysRevD.95.103012",
    journal = "Phys. Rev. D",
    volume = "95",
    number = "10",
    pages = "103012",
    year = "2017"
}

@misc{LISA-intro,
      title={The Gravitational Universe}, 
      author={The eLISA Consortium},
      year={2013},
      eprint={1305.5720},
      archivePrefix={arXiv},
      primaryClass={astro-ph.CO}
}


@misc{CUDA,
  author={NVIDIA and Vingelmann, Péter and Fitzek, Frank H.P.},
  title={CUDA, release: 10.2.89},
  year={2020},
  url={https://developer.nvidia.com/cuda-toolkit},
}
@Misc{PETSc,
   Author = "Satish Balay and Shrirang Abhyankar and Mark~F. Adams and Jed Brown
   and Peter Brune and Kris Buschelman and Lisandro Dalcin and Alp Dener and Victor Eijkhout
   and William~D. Gropp and Dinesh Kaushik and Matthew~G. Knepley and Dave~A. May
   and Lois Curfman McInnes and Richard Tran Mills and Todd Munson and Karl Rupp
   and Patrick Sanan and Barry~F. Smith and Stefano Zampini and Hong Zhang and Hong Zhang",
   Title  = "{PETS}c {W}eb page",
   Note   = "https://petsc.org/",
   Year   = "2021"}
@TechReport{SLEPc,
   author      = "V. Hernandez and J. E. Roman and A. Tomas and V. Vidal",
   title       = "A survey of software for sparse eigenvalue problems",
   number      = "STR-6",
   institution = "Universitat Polit\`ecnica de Val\`encia",
   note        = "Available at https://slepc.upv.es",
   year        = "2009"
}
@ARTICLE{FFT-op,  author={Johnson, Steven G. and Frigo, Matteo},  journal={IEEE Transactions on Signal Processing},   title={A Modified Split-Radix FFT With Fewer Arithmetic Operations},   year={2007},  volume={55},  number={1},  pages={111-119},  doi={10.1109/TSP.2006.882087}}

@Inbook{Strassen_complexity,
author="B{\"u}rgisser, Peter
and Clausen, Michael
and Shokrollahi, Mohammad Amin",
title="Lower Bounds for the Complexity of Algebras",
bookTitle="Algebraic Complexity Theory: With the Collaboration of Thomas Lickteig",
year="1997",
publisher="Springer Berlin Heidelberg",
address="Berlin, Heidelberg",
pages="455--488",
abstract="We discuss methods for proving lower bounds for the multiplicative complexity of bilinear maps; as usual, we shall focus on multiplication maps of (associative) algebras and on matrix multiplication. The first section discusses various lower bounds, the highlight being Lafon and Winograd's theorem [311] which gives a general lower bound for the multiplicative complexity of matrix multiplication. The methods of Sect. 17.1 will be unified in the second section where we prove Alder and Strassen's theorem [6], a lower bound for the multiplicative complexity of associative algebras in terms of their dimension and their number of maximal two-sided ideals. The question naturally arises for which algebras this lower bound is sharp. In Sect. 17.3 we investigate division algebras and characterize all those which have minimal multiplicative complexity. Finally, in Sect. 17.4 we give a complete characterization, due to de Groote and Heintz [220], of all commutative algebras which have minimal rank.",
isbn="978-3-662-03338-8",
doi="10.1007/978-3-662-03338-8_17",
url="https://doi.org/10.1007/978-3-662-03338-8_17"
}
@article{Nyquist,
  doi = {10.1109/jrproc.1949.232969},
  url = {https://doi.org/10.1109/jrproc.1949.232969},
  year  = {1949},
  month = {jan},
  publisher = {Institute of Electrical and Electronics Engineers ({IEEE})},
  volume = {37},
  number = {1},
  pages = {10--21},
  author = {C.E. Shannon},
  title = {Communication in the Presence of Noise},
  journal = {Proceedings of the {IRE}}
}
@article{thorne-limit,
  title = {Maximum black-hole spin from quasicircular binary mergers},
  author = {Kesden, Michael and Lockhart, Guglielmo and Phinney, E. Sterl},
  journal = {Phys. Rev. D},
  volume = {82},
  issue = {12},
  pages = {124045},
  numpages = {11},
  year = {2010},
  month = {Dec},
  publisher = {American Physical Society},
  doi = {10.1103/PhysRevD.82.124045},
  url = {https://link.aps.org/doi/10.1103/PhysRevD.82.124045}
}


@article{Nitz:2021uxj,
    author = {Nitz, Alexander H. and Capano, Collin D. and Kumar, Sumit and Wang, Yi-Fan and Kastha, Shilpa and Sch\"afer, Marlin and Dhurkunde, Rahul and Cabero, Miriam},
    title = "{3-OGC: Catalog of gravitational waves from compact-binary mergers}",
    eprint = "2105.09151",
    archivePrefix = "arXiv",
    primaryClass = "astro-ph.HE",
    month = "5",
    year = "2021"
}

@software{pycbc-software,
  author       = {Alex Nitz et al.},
  title        = {gwastro/pycbc:},
  month        = aug,
  year         = 2021,
  publisher    = {Zenodo},
  version      = {v1.16.14},
  doi          = {10.5281/zenodo.5347736},
  url          = {https://doi.org/10.5281/zenodo.5347736}
}
@article{pycbc-live,
    author = "Nitz, Alexander H. and Dal Canton, Tito and Davis, Derek and Reyes, Steven",
    title = "{Rapid detection of gravitational waves from compact binary mergers with PyCBC Live}",
    eprint = "1805.11174",
    archivePrefix = "arXiv",
    primaryClass = "gr-qc",
    reportNumber = "LIGO-P1800139",
    doi = "10.1103/PhysRevD.98.024050",
    journal = "Phys. Rev. D",
    volume = "98",
    number = "2",
    pages = "024050",
    year = "2018"
}
@article{CW,
    author = "Wette, K. and Walsh, S. and Prix, R. and Papa, M. A.",
    title = "{Implementing a semicoherent search for continuous gravitational waves using optimally-constructed template banks}",
    eprint = "1804.03392",
    archivePrefix = "arXiv",
    primaryClass = "astro-ph.IM",
    reportNumber = "LIGO-P1800074-v2, LIGO-P1800074-V2, LIGO-P1800074-V3, LIGO-P1800074-V4",
    doi = "10.1103/PhysRevD.97.123016",
    journal = "Phys. Rev. D",
    volume = "97",
    number = "12",
    pages = "123016",
    year = "2018"
}
@article{ET-templates,
    author = "Bosi, Leone and Porter, Edward K.",
    title = "{Data Analysis Challenges for the Einstein Telescope}",
    eprint = "0910.0380",
    archivePrefix = "arXiv",
    primaryClass = "gr-qc",
    doi = "10.1007/s10714-010-1084-3",
    journal = "Gen. Rel. Grav.",
    volume = "43",
    pages = "519--535",
    year = "2011"
}


@article{precession,
    author = "Apostolatos, Theocharis A. and Cutler, Curt and Sussman, Gerald J. and Thorne, Kip S.",
    title = "{Spin induced orbital precession and its modulation of the gravitational wave forms from merging binaries}",
    reportNumber = "GRP-382",
    doi = "10.1103/PhysRevD.49.6274",
    journal = "Phys. Rev. D",
    volume = "49",
    pages = "6274--6297",
    year = "1994"
}
@article{eccentricity,
    author = "Damour, Thibault and Gopakumar, Achamveedu and Iyer, Bala R.",
    title = "{Phasing of gravitational waves from inspiralling eccentric binaries}",
    eprint = "gr-qc/0404128",
    archivePrefix = "arXiv",
    doi = "10.1103/PhysRevD.70.064028",
    journal = "Phys. Rev. D",
    volume = "70",
    pages = "064028",
    year = "2004"
}
@article{gw150914,
  title = {Observation of Gravitational Waves from a Binary Black Hole Merger},
  author = {Abbott, B. P. et al.},
  collaboration = {LIGO Scientific Collaboration and Virgo Collaboration},
  journal = {Phys. Rev. Lett.},
  volume = {116},
  issue = {6},
  pages = {061102},
  numpages = {16},
  year = {2016},
  month = {Feb},
  publisher = {American Physical Society},
  doi = {10.1103/PhysRevLett.116.061102},
  url = {https://link.aps.org/doi/10.1103/PhysRevLett.116.061102}
}

@book{Creighton-book,
    author = "Creighton, Jolien and Anderson, Warren G.",
    publisher = "John Wiley $\&$ Sons, Ltd",
    isbn = {9783527636037},
    title = "Gravitational-Wave Physics and Astronomy: An Introduction to Theory, Experiment and Data Analysis",
    year = {2011},
    address = "Weinheim"
}


@article{find_chirp,
    author = "Allen, Bruce and Anderson, Warren G. and Brady, Patrick R. and Brown, Duncan A. and Creighton, Jolien D. E.",
    title = "{FINDCHIRP: An Algorithm for detection of gravitational waves from inspiraling compact binaries}",
    eprint = "gr-qc/0509116",
    archivePrefix = "arXiv",
    doi = "10.1103/PhysRevD.85.122006",
    journal = "Phys. Rev. D",
    volume = "85",
    pages = "122006",
    year = "2012"
}
@article{LIGO_ecc_search,
    author = "Abbott, B. P. and others",
    collaboration = "LIGO Scientific, Virgo",
    title = "{Search for Eccentric Binary Black Hole Mergers with Advanced LIGO and Advanced Virgo during their First and Second Observing Runs}",
    eprint = "1907.09384",
    archivePrefix = "arXiv",
    primaryClass = "astro-ph.HE",
    reportNumber = "LIGO Document P1900110",
    doi = "10.3847/1538-4357/ab3c2d",
    journal = "Astrophys. J.",
    volume = "883",
    number = "2",
    pages = "149",
    year = "2019"
}
@article{Nitz_ecc_search,
    author = "Nitz, Alexander H. and Wang, Yi-Fan",
    title = "{Search for gravitational waves from the coalescence of sub-solar mass and eccentric compact binaries}",
    eprint = "2102.00868",
    archivePrefix = "arXiv",
    primaryClass = "astro-ph.HE",
    doi = "10.3847/1538-4357/ac01d9",
    month = "2",
    year = "2021"
}

@article{Lennon_ecc_search,
    author = "Nitz, Alexander H. and Lenon, Amber and Brown, Duncan A.",
    title = "{Search for Eccentric Binary Neutron Star Mergers in the first and second observing runs of Advanced LIGO}",
    eprint = "1912.05464",
    archivePrefix = "arXiv",
    primaryClass = "astro-ph.HE",
    doi = "10.3847/1538-4357/ab6611",
    journal = "Astrophys. J.",
    volume = "890",
    pages = "1",
    month = "12",
    year = "2019"
}
@article{LIGO_subsolar,
    author = "Abbott, B. P. and others",
    collaboration = "LIGO Scientific, Virgo",
    title = "{Search for Subsolar Mass Ultracompact Binaries in Advanced LIGO\textquoteright{}s Second Observing Run}",
    eprint = "1904.08976",
    archivePrefix = "arXiv",
    primaryClass = "astro-ph.CO",
    reportNumber = "LIGO-P1900037",
    doi = "10.1103/PhysRevLett.123.161102",
    journal = "Phys. Rev. Lett.",
    volume = "123",
    number = "16",
    pages = "161102",
    year = "2019"
}

@article{Usman_pycbc,
    author = "Usman, Samantha A. and others",
    title = "{The PyCBC search for gravitational waves from compact binary coalescence}",
    eprint = "1508.02357",
    archivePrefix = "arXiv",
    primaryClass = "gr-qc",
    reportNumber = "LIGO-P1500086",
    doi = "10.1088/0264-9381/33/21/215004",
    journal = "Class. Quant. Grav.",
    volume = "33",
    number = "21",
    pages = "215004",
    year = "2016"
}
@article{gstlal_offline,
    author = "Sachdev, Surabhi and others",
    title = "{The GstLAL Search Analysis Methods for Compact Binary Mergers in Advanced LIGO's Second and Advanced Virgo's First Observing Runs}",
    eprint = "1901.08580",
    archivePrefix = "arXiv",
    primaryClass = "gr-qc",
    month = "1",
    year = "2019"
}
@article{LIGOandVirgoruns,
    author = "Abbott, Rich and others",
    collaboration = "LIGO Scientific, Virgo",
    title = "{Open data from the first and second observing runs of Advanced LIGO and Advanced Virgo}",
    eprint = "1912.11716",
    archivePrefix = "arXiv",
    primaryClass = "gr-qc",
    reportNumber = "LIGO-P1900206",
    doi = "10.1016/j.softx.2021.100658",
    journal = "SoftwareX",
    volume = "13",
    pages = "100658",
    year = "2021"
}
@article{Veto_nitz,
    author = "Nitz, Alexander Harvey",
    title = "{Distinguishing short duration noise transients in LIGO data to improve the PyCBC search for gravitational waves from high mass binary black hole mergers}",
    eprint = "1709.08974",
    archivePrefix = "arXiv",
    primaryClass = "gr-qc",
    reportNumber = "LIGO-P1700275",
    doi = "10.1088/1361-6382/aaa13d",
    journal = "Class. Quant. Grav.",
    volume = "35",
    number = "3",
    pages = "035016",
    year = "2018"
}

@article{Veto_unichisq,
    author = "Joshi, Prasanna and Dhurkunde, Rahul and Dhurandhar, Sanjeev and Bose, Sukanta",
    title = "{Optimal $\chi^2$ discriminator against modeled noise transients in interferometric data in searches for binary black-hole mergers}",
    eprint = "2006.12901",
    archivePrefix = "arXiv",
    primaryClass = "gr-qc",
    doi = "10.1103/PhysRevD.103.044035",
    journal = "Phys. Rev. D",
    volume = "103",
    number = "4",
    pages = "044035",
    year = "2021"
}


@article{Data_quality1OGC,
    author = "Abbott, B P and others",
    collaboration = "LIGO Scientific, Virgo",
    title = "{Effects of data quality vetoes on a search for compact binary coalescences in Advanced LIGO\textquoteright{}s first observing run}",
    eprint = "1710.02185",
    archivePrefix = "arXiv",
    primaryClass = "gr-qc",
    doi = "10.1088/1361-6382/aaaafa",
    journal = "Class. Quant. Grav.",
    volume = "35",
    number = "6",
    pages = "065010",
    year = "2018"
}
@article{1OGC,
    author = "Nitz, Alexander H. and Capano, Collin and Nielsen, Alex B. and Reyes, Steven and White, Rebecca and Brown, Duncan A. and Krishnan, Badri",
    title = "{1-OGC: The first open gravitational-wave catalog of binary mergers from analysis of public Advanced LIGO data}",
    eprint = "1811.01921",
    archivePrefix = "arXiv",
    primaryClass = "gr-qc",
    doi = "10.3847/1538-4357/ab0108",
    journal = "Astrophys. J.",
    volume = "872",
    number = "2",
    pages = "195",
    year = "2019"
}
@article{ET_data_analysis,
    author = "Bosi, Leone and Porter, Edward K.",
    title = "{Data Analysis Challenges for the Einstein Telescope}",
    eprint = "0910.0380",
    archivePrefix = "arXiv",
    primaryClass = "gr-qc",
    doi = "10.1007/s10714-010-1084-3",
    journal = "Gen. Rel. Grav.",
    volume = "43",
    pages = "519--535",
    year = "2011"
}
@article{Data_quality,
    author = "Davis, Derek and others",
    collaboration = "LIGO",
    title = "{LIGO detector characterization in the second and third observing runs}",
    eprint = "2101.11673",
    archivePrefix = "arXiv",
    primaryClass = "astro-ph.IM",
    reportNumber = "P2000495",
    doi = "10.1088/1361-6382/abfd85",
    journal = "Class. Quant. Grav.",
    volume = "38",
    number = "13",
    pages = "135014",
    year = "2021"
}
@article{Prospects_precession,
    author = "Hannam, Mark",
    title = "{Modelling gravitational waves from precessing black-hole binaries: Progress, challenges and prospects}",
    eprint = "1312.3641",
    archivePrefix = "arXiv",
    primaryClass = "gr-qc",
    doi = "10.1007/s10714-014-1767-2",
    journal = "Gen. Rel. Grav.",
    volume = "46",
    pages = "1767",
    year = "2014"
}
@article{Prospects_eccentricity,
    author = "Wang, Yi-Fan and Nitz, Alexander H.",
    title = "{Prospects for detecting gravitational waves from eccentric subsolar mass compact binaries}",
    eprint = "2101.12269",
    archivePrefix = "arXiv",
    primaryClass = "astro-ph.HE",
    doi = "10.3847/1538-4357/abe939",
    journal = "Astrophys. J.",
    volume = "912",
    number = "1",
    pages = "53",
    year = "2021"
}
@article{3g_sensitivity,
    author = "Hild, S. and others",
    title = "{Sensitivity Studies for Third-Generation Gravitational Wave Observatories}",
    eprint = "1012.0908",
    archivePrefix = "arXiv",
    primaryClass = "gr-qc",
    doi = "10.1088/0264-9381/28/9/094013",
    journal = "Class. Quant. Grav.",
    volume = "28",
    pages = "094013",
    year = "2011"
}
@article{RP-1,
    author = "Kulkarni, Sumeet and Phukon, Khun Sang and Reza, Amit and Bose, Sukanta and Dasgupta, Anirban and Krishnaswamy, Dilip and Sengupta, Anand S.",
    title = "{Random projections in gravitational wave searches of compact binaries}",
    eprint = "1801.04506",
    archivePrefix = "arXiv",
    primaryClass = "gr-qc",
    reportNumber = "LIGO-P1700443-v2, LIGO-P1700443-V2",
    doi = "10.1103/PhysRevD.99.101503",
    journal = "Phys. Rev. D",
    volume = "99",
    number = "10",
    pages = "101503",
    year = "2019"
}
@article{RP-2,
      title={Random projections in gravitational-wave searches from compact binaries II: efficient reconstruction of the detection statistic}, 
      author={Amit Reza and Anirban Dasgupta and Anand S. Sengupta},
      year={2021},
      eprint={2101.03226},
      archivePrefix={arXiv},
      primaryClass={gr-qc}
}
@article{kanchan,
    author = "Soni, Kanchan and Gadre, Bhooshan Uday and Mitra, Sanjit and Dhurandhar, Sanjeev",
    title = "{Hierarchical search for compact binary coalescences in the Advanced LIGO's first two observing runs}",
    eprint = "2106.08925",
    archivePrefix = "arXiv",
    primaryClass = "gr-qc",
    month = "6",
    year = "2021"
}







