@article{Harry:2017weg,
    author = "Harry, Ian and Calder\'on Bustillo, Juan and Nitz, Alex",
    title = "{Searching for the full symphony of black hole binary mergers}",
    eprint = "1709.09181",
    archivePrefix = "arXiv",
    primaryClass = "gr-qc",
    reportNumber = "LIGO-DOCUMENT-P1700262, LIGO Document P1700262",
    doi = "10.1103/PhysRevD.97.023004",
    journal = "Phys. Rev. D",
    volume = "97",
    number = "2",
    pages = "023004",
    year = "2018"
}

@article{Harry:2016ijz,
    author = "Harry, Ian and Privitera, Stephen and Boh\'e, Alejandro and Buonanno, Alessandra",
    title = "{Searching for Gravitational Waves from Compact Binaries with Precessing Spins}",
    eprint = "1603.02444",
    archivePrefix = "arXiv",
    primaryClass = "gr-qc",
    doi = "10.1103/PhysRevD.94.024012",
    journal = "Phys. Rev. D",
    volume = "94",
    number = "2",
    pages = "024012",
    year = "2016"
}

@article{CalderonBustillo:2016rlt,
    author = "Calder\'on Bustillo, Juan and Laguna, Pablo and Shoemaker, Deirdre",
    title = "{Detectability of gravitational waves from binary black holes: Impact of precession and higher modes}",
    eprint = "1612.02340",
    archivePrefix = "arXiv",
    primaryClass = "gr-qc",
    doi = "10.1103/PhysRevD.95.104038",
    journal = "Phys. Rev. D",
    volume = "95",
    number = "10",
    pages = "104038",
    year = "2017"
}

@article{Usman:2015kfa,
    author = "Usman, Samantha A. and others",
    title = "{The PyCBC search for gravitational waves from compact binary coalescence}",
    eprint = "1508.02357",
    archivePrefix = "arXiv",
    primaryClass = "gr-qc",
    reportNumber = "LIGO-P1500086",
    doi = "10.1088/0264-9381/33/21/215004",
    journal = "Class. Quant. Grav.",
    volume = "33",
    number = "21",
    pages = "215004",
    year = "2016"
}

@article{Messick:2016aqy,
    author = "Messick, Cody and others",
    title = "{Analysis Framework for the Prompt Discovery of Compact Binary Mergers in Gravitational-wave Data}",
    eprint = "1604.04324",
    archivePrefix = "arXiv",
    primaryClass = "astro-ph.IM",
    doi = "10.1103/PhysRevD.95.042001",
    journal = "Phys. Rev. D",
    volume = "95",
    number = "4",
    pages = "042001",
    year = "2017"
}

@article{Aubin:2020goo,
    author = "Aubin, F. and others",
    title = "{The MBTA pipeline for detecting compact binary coalescences in the third LIGO\textendash{}Virgo observing run}",
    eprint = "2012.11512",
    archivePrefix = "arXiv",
    primaryClass = "gr-qc",
    doi = "10.1088/1361-6382/abe913",
    journal = "Class. Quant. Grav.",
    volume = "38",
    number = "9",
    pages = "095004",
    year = "2021"
}

@article{Hooper:2011rb,
    author = "Hooper, Shaun and Chung, Shin Kee and Luan, Jing and Blair, David and Chen, Yanbei and Wen, Linqing",
    title = "{Summed Parallel Infinite Impulse Response (SPIIR) Filters For Low-Latency Gravitational Wave Detection}",
    eprint = "1108.3186",
    archivePrefix = "arXiv",
    primaryClass = "gr-qc",
    doi = "10.1103/PhysRevD.86.024012",
    journal = "Phys. Rev. D",
    volume = "86",
    pages = "024012",
    year = "2012"
}

@article{Olsen:2022pin,
    author = "Olsen, Seth and Venumadhav, Tejaswi and Mushkin, Jonathan and Roulet, Javier and Zackay, Barak and Zaldarriaga, Matias",
    title = "{New binary black hole mergers in the LIGO--Virgo O3a data}",
    eprint = "2201.02252",
    archivePrefix = "arXiv",
    primaryClass = "astro-ph.HE",
    month = "1",
    year = "2022"
}

@article{Nitz:2021uxj,
    author = {Nitz, Alexander H. and Capano, Collin D. and Kumar, Sumit and Wang, Yi-Fan and Kastha, Shilpa and Sch\"afer, Marlin and Dhurkunde, Rahul and Cabero, Miriam},
    title = "{3-OGC: Catalog of Gravitational Waves from Compact-binary Mergers}",
    eprint = "2105.09151",
    archivePrefix = "arXiv",
    primaryClass = "astro-ph.HE",
    doi = "10.3847/1538-4357/ac1c03",
    journal = "Astrophys. J.",
    volume = "922",
    number = "1",
    pages = "76",
    year = "2021"
}
@article{LIGOScientific:2021djp,
    author = "Abbott, R. and others",
    collaboration = "LIGO Scientific, VIRGO, KAGRA",
    title = "{GWTC-3: Compact Binary Coalescences Observed by LIGO and Virgo During the Second Part of the Third Observing Run}",
    eprint = "2111.03606",
    archivePrefix = "arXiv",
    primaryClass = "gr-qc",
    reportNumber = "LIGO-P2000318",
    month = "11",
    year = "2021"
}
@article{KAGRA:2013rdx,
    author = "Abbott, B. P. and others",
    collaboration = "KAGRA, LIGO Scientific, Virgo, VIRGO",
    title = "{Prospects for observing and localizing gravitational-wave transients with Advanced LIGO, Advanced Virgo and KAGRA}",
    eprint = "1304.0670",
    archivePrefix = "arXiv",
    primaryClass = "gr-qc",
    reportNumber = "LIGO-P1200087, VIR-0288A-12",
    doi = "10.1007/s41114-020-00026-9",
    journal = "Living Rev. Rel.",
    volume = "21",
    number = "1",
    pages = "3",
    year = "2018"
}


@article{Ossokine:2020kjp,
    author = "Ossokine, Serguei and others",
    title = "{Multipolar Effective-One-Body Waveforms for Precessing Binary Black Holes: Construction and Validation}",
    eprint = "2004.09442",
    archivePrefix = "arXiv",
    primaryClass = "gr-qc",
    doi = "10.1103/PhysRevD.102.044055",
    journal = "Phys. Rev. D",
    volume = "102",
    number = "4",
    pages = "044055",
    year = "2020"
}
@article{Pratten:2020ceb,
    author = "Pratten, Geraint and others",
    title = "{Computationally efficient models for the dominant and subdominant harmonic modes of precessing binary black holes}",
    eprint = "2004.06503",
    archivePrefix = "arXiv",
    primaryClass = "gr-qc",
    doi = "10.1103/PhysRevD.103.104056",
    journal = "Phys. Rev. D",
    volume = "103",
    number = "10",
    pages = "104056",
    year = "2021"
}

@article{LIGOScientific:2021qlt,
    author = "Abbott, R. and others",
    collaboration = "LIGO Scientific, KAGRA, VIRGO",
    title = "{Observation of Gravitational Waves from Two Neutron Star\textendash{}Black Hole Coalescences}",
    eprint = "2106.15163",
    archivePrefix = "arXiv",
    primaryClass = "astro-ph.HE",
    reportNumber = "LIGO Document P2000357",
    doi = "10.3847/2041-8213/ac082e",
    journal = "Astrophys. J. Lett.",
    volume = "915",
    number = "1",
    pages = "L5",
    year = "2021"
}

@article{LIGOScientific:2020aai,
    author = "Abbott, B. P. and others",
    collaboration = "LIGO Scientific, Virgo",
    title = "{GW190425: Observation of a Compact Binary Coalescence with Total Mass $\sim 3.4 M_{\odot}$}",
    eprint = "2001.01761",
    archivePrefix = "arXiv",
    primaryClass = "astro-ph.HE",
    reportNumber = "LIGO-P190425",
    doi = "10.3847/2041-8213/ab75f5",
    journal = "Astrophys. J. Lett.",
    volume = "892",
    number = "1",
    pages = "L3",
    year = "2020"
}

@article{Maggiore:2019uih,
    author = "Maggiore, Michele and others",
    title = "{Science Case for the Einstein Telescope}",
    eprint = "1912.02622",
    archivePrefix = "arXiv",
    primaryClass = "astro-ph.CO",
    doi = "10.1088/1475-7516/2020/03/050",
    journal = "JCAP",
    volume = "03",
    pages = "050",
    year = "2020"
}

@article{LIGOScientific:2016gtq,
    author = "Abbott, B. P. and others",
    collaboration = "LIGO Scientific, Virgo",
    title = "{Characterization of transient noise in Advanced LIGO relevant to gravitational wave signal GW150914}",
    eprint = "1602.03844",
    archivePrefix = "arXiv",
    primaryClass = "gr-qc",
    doi = "10.1088/0264-9381/33/13/134001",
    journal = "Class. Quant. Grav.",
    volume = "33",
    number = "13",
    pages = "134001",
    year = "2016"
}


@article{Allen:2004gu,
    author = "Allen, Bruce",
    title = "{${\chi}^{2}$ time-frequency discriminator for gravitational wave detection}",
    eprint = "gr-qc/0405045",
    archivePrefix = "arXiv",
    doi = "10.1103/PhysRevD.71.062001",
    journal = "Phys. Rev. D",
    volume = "71",
    pages = "062001",
    year = "2005"
}

@article{LIGOScientific:2017tza,
    author = "Abbott, B P and others",
    collaboration = "LIGO Scientific, Virgo",
    title = "{Effects of data quality vetoes on a search for compact binary coalescences in Advanced LIGO\textquoteright{}s first observing run}",
    eprint = "1710.02185",
    archivePrefix = "arXiv",
    primaryClass = "gr-qc",
    doi = "10.1088/1361-6382/aaaafa",
    journal = "Class. Quant. Grav.",
    volume = "35",
    number = "6",
    pages = "065010",
    year = "2018"
}

@article{LIGO:2021ppb,
    author = "Davis, Derek and others",
    collaboration = "LIGO",
    title = "{LIGO detector characterization in the second and third observing runs}",
    eprint = "2101.11673",
    archivePrefix = "arXiv",
    primaryClass = "astro-ph.IM",
    reportNumber = "P2000495",
    doi = "10.1088/1361-6382/abfd85",
    journal = "Class. Quant. Grav.",
    volume = "38",
    number = "13",
    pages = "135014",
    year = "2021"
}


@article{LIGOScientific:2018mvr,
    author = "Abbott, B. P. and others",
    collaboration = "LIGO Scientific, Virgo",
    title = "{GWTC-1: A Gravitational-Wave Transient Catalog of Compact Binary Mergers Observed by LIGO and Virgo during the First and Second Observing Runs}",
    eprint = "1811.12907",
    archivePrefix = "arXiv",
    primaryClass = "astro-ph.HE",
    reportNumber = "LIGO-P1800307",
    doi = "10.1103/PhysRevX.9.031040",
    journal = "Phys. Rev. X",
    volume = "9",
    number = "3",
    pages = "031040",
    year = "2019"
}

@article{Nitz:2018imz,
    author = "Nitz, Alexander H. and Capano, Collin and Nielsen, Alex B. and Reyes, Steven and White, Rebecca and Brown, Duncan A. and Krishnan, Badri",
    title = "{1-OGC: The first open gravitational-wave catalog of binary mergers from analysis of public Advanced LIGO data}",
    eprint = "1811.01921",
    archivePrefix = "arXiv",
    primaryClass = "gr-qc",
    doi = "10.3847/1538-4357/ab0108",
    journal = "Astrophys. J.",
    volume = "872",
    number = "2",
    pages = "195",
    year = "2019"
}
@article{Allen:2005fk,
    author = "Allen, Bruce and Anderson, Warren G. and Brady, Patrick R. and Brown, Duncan A. and Creighton, Jolien D. E.",
    title = "{FINDCHIRP: An Algorithm for detection of gravitational waves from inspiraling compact binaries}",
    eprint = "gr-qc/0509116",
    archivePrefix = "arXiv",
    doi = "10.1103/PhysRevD.85.122006",
    journal = "Phys. Rev. D",
    volume = "85",
    pages = "122006",
    year = "2012"
}


@article{Fairhurst:2019vut,
    author = "Fairhurst, Stephen and Green, Rhys and Hoy, Charlie and Hannam, Mark and Muir, Alistair",
    title = "{Two-harmonic approximation for gravitational waveforms from precessing binaries}",
    eprint = "1908.05707",
    archivePrefix = "arXiv",
    primaryClass = "gr-qc",
    reportNumber = "LIGO-P1900225",
    doi = "10.1103/PhysRevD.102.024055",
    journal = "Phys. Rev. D",
    volume = "102",
    number = "2",
    pages = "024055",
    year = "2020"
}

@article{Keppel:2013yia,
    author = "Keppel, Drew",
    title = "{Balancing act of template bank construction: Inspiral waveform template banks for gravitational-wave detectors and optimizations at fixed computational cost}",
    eprint = "1303.2005",
    archivePrefix = "arXiv",
    primaryClass = "physics.data-an",
    reportNumber = "LIGO-DOCUMENT-NUMBER-LIGO-P1200098",
    doi = "10.1103/PhysRevD.87.124003",
    journal = "Phys. Rev. D",
    volume = "87",
    number = "12",
    pages = "124003",
    year = "2013"
}

@article{Dhurkunde:2021csz,
    author = "Dhurkunde, Rahul and Fehrmann, Henning and Nitz, Alexander H.",
    title = "{Hierarchical approach to matched filtering using a reduced basis}",
    eprint = "2110.13115",
    archivePrefix = "arXiv",
    primaryClass = "astro-ph.IM",
    doi = "10.1103/PhysRevD.105.103001",
    journal = "Phys. Rev. D",
    volume = "105",
    number = "10",
    pages = "103001",
    year = "2022"
}

@article{Soni:2021vls,
    author = "Soni, Kanchan and Gadre, Bhooshan Uday and Mitra, Sanjit and Dhurandhar, Sanjeev",
    title = "{Hierarchical search for compact binary coalescences in the Advanced LIGO\textquoteright{}s first two observing runs}",
    eprint = "2106.08925",
    archivePrefix = "arXiv",
    primaryClass = "gr-qc",
    doi = "10.1103/PhysRevD.105.064005",
    journal = "Phys. Rev. D",
    volume = "105",
    number = "6",
    pages = "064005",
    year = "2022"
}

@article{Krishnendu:2021cyi,
    author = "Krishnendu, N. V. and Ohme, Frank",
    title = "{Interplay of spin-precession and higher harmonics in the parameter estimation of binary black holes}",
    eprint = "2110.00766",
    archivePrefix = "arXiv",
    primaryClass = "gr-qc",
    doi = "10.1103/PhysRevD.105.064012",
    journal = "Phys. Rev. D",
    volume = "105",
    number = "6",
    pages = "064012",
    year = "2022"
}

@article{Mills:2020thr,
    author = "Mills, Cameron and Fairhurst, Stephen",
    title = "{Measuring gravitational-wave higher-order multipoles}",
    eprint = "2007.04313",
    archivePrefix = "arXiv",
    primaryClass = "gr-qc",
    doi = "10.1103/PhysRevD.103.024042",
    journal = "Phys. Rev. D",
    volume = "103",
    number = "2",
    pages = "024042",
    year = "2021"
}
@article{Lyne:1994az,
    author = "Lyne, A. G. and Lorimer, D. R.",
    title = "{High birth velocities of radio pulsars}",
    doi = "10.1038/369127a0",
    journal = "Nature",
    volume = "369",
    pages = "127",
    year = "1994"
}
@article{Janka:2013hfa,
    author = "Janka, H. -Thomas",
    title = "{Natal Kicks of Stellar-Mass Black Holes by Asymmetric Mass Ejection in Fallback Supernovae}",
    eprint = "1306.0007",
    archivePrefix = "arXiv",
    primaryClass = "astro-ph.SR",
    doi = "10.1093/mnras/stt1106",
    journal = "Mon. Not. Roy. Astron. Soc.",
    volume = "434",
    pages = "1355",
    year = "2013"
}
@article{Fryer:1999ht,
    author = "Fryer, Chris L. and Kalogera, Vassiliki",
    title = "{Theoretical black hole mass distributions}",
    eprint = "astro-ph/9911312",
    archivePrefix = "arXiv",
    doi = "10.1086/321359",
    journal = "Astrophys. J.",
    volume = "554",
    pages = "548--560",
    year = "2001"
}
@article{Belczynski:2009xy, 
    author = "Belczynski, Krzysztof and Bulik, Tomasz and Fryer, Chris L. and Ruiter, Ashley and Vink, Jorick S. and Hurley, Jarrod R.",
    title = "{On The Maximum Mass of Stellar Black Holes}",
    eprint = "0904.2784",
    archivePrefix = "arXiv",
    primaryClass = "astro-ph.SR",
    reportNumber = "LA-UR-09-02285",
    doi = "10.1088/0004-637X/714/2/1217",
    journal = "Astrophys. J.",
    volume = "714",
    pages = "1217--1226",
    year = "2010"
}

@article{Harry:2013tca,
    author = "Harry, Ian W. and Nitz, Alexander H. and Brown, Duncan A. and Lundgren, Andrew P. and Ochsner, Evan and Keppel, Drew",
    title = "{Investigating the effect of precession on searches for neutron-star-black-hole binaries with Advanced LIGO}",
    eprint = "1307.3562",
    archivePrefix = "arXiv",
    primaryClass = "gr-qc",
    reportNumber = "LIGO-P1300046, NSF-KITP-13-120",
    doi = "10.1103/PhysRevD.89.024010",
    journal = "Phys. Rev. D",
    volume = "89",
    number = "2",
    pages = "024010",
    year = "2014"
}

@article{LIGO:2020xsf,
    author = "Adhikari, R. X. and others",
    collaboration = "LIGO",
    title = "{A cryogenic silicon interferometer for gravitational-wave detection}",
    eprint = "2001.11173",
    archivePrefix = "arXiv",
    primaryClass = "astro-ph.IM",
    reportNumber = "LIGO-P1800072",
    doi = "10.1088/1361-6382/ab9143",
    journal = "Class. Quant. Grav.",
    volume = "37",
    number = "16",
    pages = "165003",
    year = "2020"
}

@article{Tiwari:2021yvr,
    author = "Tiwari, Vaibhav",
    title = "{Exploring Features in the Binary Black Hole Population}",
    eprint = "2111.13991",
    archivePrefix = "arXiv",
    primaryClass = "astro-ph.HE",
    doi = "10.3847/1538-4357/ac589a",
    journal = "Astrophys. J.",
    volume = "928",
    number = "2",
    pages = "155",
    year = "2022"
}
@article{Zhu:2021jbw,
    author = "Zhu, Jin-Ping and Wu, Shichao and Qin, Ying and Zhang, Bing and Gao, He and Cao, Zhoujian",
    title = "{Population Properties of Gravitational-wave Neutron Star\textendash{}Black Hole Mergers}",
    eprint = "2112.02605",
    archivePrefix = "arXiv",
    primaryClass = "astro-ph.HE",
    doi = "10.3847/1538-4357/ac540c",
    journal = "Astrophys. J.",
    volume = "928",
    number = "2",
    pages = "167",
    year = "2022"
}
@article{Estelles:2021jnz,
    author = "Estell\'es, H\'ector and others",
    title = "{A Detailed Analysis of GW190521 with Phenomenological Waveform Models}",
    eprint = "2105.06360",
    archivePrefix = "arXiv",
    primaryClass = "gr-qc",
    reportNumber = "LIGO-P2100149",
    doi = "10.3847/1538-4357/ac33a0",
    journal = "Astrophys. J.",
    volume = "924",
    number = "2",
    pages = "79",
    year = "2022"
}

@article{Broekgaarden:2021iew,
    author = "Broekgaarden, Floor S. and Berger, Edo and Neijssel, Coenraad J. and Vigna-G\'omez, Alejandro and Chattopadhyay, Debatri and Stevenson, Simon and Chruslinska, Martyna and Justham, Stephen and de Mink, Selma E. and Mandel, Ilya",
    title = "{Impact of massive binary star and cosmic evolution on gravitational wave observations I: black hole\textendash{}neutron star mergers}",
    eprint = "2103.02608",
    archivePrefix = "arXiv",
    primaryClass = "astro-ph.HE",
    doi = "10.1093/mnras/stab2716",
    journal = "Mon. Not. Roy. Astron. Soc.",
    volume = "508",
    number = "4",
    pages = "5028--5063",
    year = "2021"
}
@article{Gupta:2017dsq,
    author = "Gupta, Anuradha and Arun, K. G. and Sathyaprakash, B. S.",
    title = "{Implications of Binary Black Hole Detections on the Merger Rates of Double Neutron Stars and Neutron Star\textendash{}Black Holes}",
    eprint = "1708.03939",
    archivePrefix = "arXiv",
    primaryClass = "astro-ph.IM",
    reportNumber = "LIGO-P1700209",
    doi = "10.3847/2041-8213/aa9271",
    journal = "Astrophys. J. Lett.",
    volume = "849",
    number = "1",
    pages = "L14",
    year = "2017"
}
@article{Broekgaarden:2021efa,
    author = "Broekgaarden, Floor S. and others",
    title = "{Impact of Massive Binary Star and Cosmic Evolution on Gravitational Wave Observations II: Double Compact Object Rates and Properties}",
    eprint = "2112.05763",
    archivePrefix = "arXiv",
    primaryClass = "astro-ph.HE",
    month = "12",
    year = "2021"
}
@article{Broekgaarden:2021hlu,
    author = "Broekgaarden, Floor S. and Berger, Edo",
    title = "{Formation of the First Two Black Hole\textendash{}Neutron Star Mergers (GW200115 and GW200105) from Isolated Binary Evolution}",
    eprint = "2108.05763",
    archivePrefix = "arXiv",
    primaryClass = "astro-ph.HE",
    doi = "10.3847/2041-8213/ac2832",
    journal = "Astrophys. J. Lett.",
    volume = "920",
    number = "1",
    pages = "L13",
    year = "2021"
}
@article{Cahillane:2022pqm,
    author = "Cahillane, Craig and Mansell, Georgia",
    title = "{Review of the Advanced LIGO Gravitational Wave Observatories Leading to Observing Run Four}",
    eprint = "2202.00847",
    archivePrefix = "arXiv",
    primaryClass = "gr-qc",
    reportNumber = "LIGO DCC P2100483",
    doi = "10.3390/galaxies10010036",
    journal = "Galaxies",
    volume = "10",
    number = "1",
    pages = "36",
    year = "2022"
}


@INPROCEEDINGS{Reitze:2019iox,
       author = {{Reitze}, David and others},
        title = "{Cosmic Explorer: The U.S. Contribution to Gravitational-Wave Astronomy beyond LIGO}",
     keywords = {Astrophysics - Instrumentation and Methods for Astrophysics, General Relativity and Quantum Cosmology},
    booktitle = {Bulletin of the American Astronomical Society},
         year = 2019,
       volume = {51},
        month = sep,
          eid = {35},
        pages = {35},
archivePrefix = {arXiv},
       eprint = {1907.04833},
 primaryClass = {astro-ph.IM},
       adsurl = {https://ui.adsabs.harvard.edu/abs/2019BAAS...51g..35R},
      adsnote = {Provided by the SAO/NASA Astrophysics Data System}
}




@article{Hannam:2021pit,
    author = "Hannam, Mark and Hoy, Charlie and Thompson, Jonathan E. and Fairhurst, Stephen and Raymond, Vivien",
    collaboration = "VIRGO",
    title = "{Measurement of general-relativistic precession in a black-hole binary}",
    eprint = "2112.11300",
    archivePrefix = "arXiv",
    primaryClass = "gr-qc",
    reportNumber = "LIGO-P2100452",
    month = "12",
    year = "2021"
}
@article{LIGOScientific:2016wkq,
    author = "Abbott, Thomas D. and others",
    collaboration = "LIGO Scientific, Virgo",
    title = "{Improved analysis of GW150914 using a fully spin-precessing waveform Model}",
    eprint = "1606.01210",
    archivePrefix = "arXiv",
    primaryClass = "gr-qc",
    reportNumber = "LIGO-P1600048",
    doi = "10.1103/PhysRevX.6.041014",
    journal = "Phys. Rev. X",
    volume = "6",
    number = "4",
    pages = "041014",
    year = "2016"
}
@article{Islam:2020reh,
    author = "Islam, Tousif and Field, Scott E. and Haster, Carl-Johan and Smith, Rory",
    title = "{Improved analysis of GW190412 with a precessing numerical relativity surrogate waveform model}",
    eprint = "2010.04848",
    archivePrefix = "arXiv",
    primaryClass = "gr-qc",
    reportNumber = "LIGO Document Number DCC-P2000384",
    doi = "10.1103/PhysRevD.103.104027",
    journal = "Phys. Rev. D",
    volume = "103",
    number = "10",
    pages = "104027",
    year = "2021"
}
@article{LIGOScientific:2020zkf,
    author = "Abbott, R. and others",
    collaboration = "LIGO Scientific, Virgo",
    title = "{GW190814: Gravitational Waves from the Coalescence of a 23 Solar Mass Black Hole with a 2.6 Solar Mass Compact Object}",
    eprint = "2006.12611",
    archivePrefix = "arXiv",
    primaryClass = "astro-ph.HE",
    reportNumber = "LIGO-P190814",
    doi = "10.3847/2041-8213/ab960f",
    journal = "Astrophys. J. Lett.",
    volume = "896",
    number = "2",
    pages = "L44",
    year = "2020"
}
@article{LIGOScientific:2020stg,
    author = "Abbott, R. and others",
    collaboration = "LIGO Scientific, Virgo",
    title = "{GW190412: Observation of a Binary-Black-Hole Coalescence with Asymmetric Masses}",
    eprint = "2004.08342",
    archivePrefix = "arXiv",
    primaryClass = "astro-ph.HE",
    reportNumber = "LIGO-P190412",
    doi = "10.1103/PhysRevD.102.043015",
    journal = "Phys. Rev. D",
    volume = "102",
    number = "4",
    pages = "043015",
    year = "2020"
}
@article{Capano:2021etf,
    author = "Capano, Collin D. and Cabero, Miriam and Westerweck, Julian and Abedi, Jahed and Kastha, Shilpa and Nitz, Alexander H. and Nielsen, Alex B. and Krishnan, Badri",
    title = "{Observation of a multimode quasi-normal spectrum from a perturbed black hole}",
    eprint = "2105.05238",
    archivePrefix = "arXiv",
    primaryClass = "gr-qc",
    month = "5",
    year = "2021"
}
@article{Pooley:2003zb,
    author = "Pooley, D. and others",
    title = "{Dynamical formation of close binary systems in globular clusters}",
    eprint = "astro-ph/0305003",
    archivePrefix = "arXiv",
    doi = "10.1086/377074",
    journal = "Astrophys. J. Lett.",
    volume = "591",
    pages = "L131--L134",
    year = "2003"
}
@article{Rodriguez:2015oxa,
    author = "Rodriguez, Carl L. and Morscher, Meagan and Pattabiraman, Bharath and Chatterjee, Sourav and Haster, Carl-Johan and Rasio, Frederic A.",
    title = "{Binary Black Hole Mergers from Globular Clusters: Implications for Advanced LIGO}",
    eprint = "1505.00792",
    archivePrefix = "arXiv",
    primaryClass = "astro-ph.HE",
    doi = "10.1103/PhysRevLett.115.051101",
    journal = "Phys. Rev. Lett.",
    volume = "115",
    number = "5",
    pages = "051101",
    year = "2015",
    note = "[Erratum: Phys.Rev.Lett. 116, 029901 (2016)]"
}
@article{Belczynski:2010tb,
    author = "Belczynski, Krzysztof and Dominik, Michal and Bulik, Tomasz and O'Shaughnessy, Richard and Fryer, Chris and Holz, Daniel E.",
    title = "{The effect of metallicity on the detection prospects for gravitational waves}",
    eprint = "1004.0386",
    archivePrefix = "arXiv",
    primaryClass = "astro-ph.HE",
    reportNumber = "LA-UR-10-01970",
    doi = "10.1088/2041-8205/715/2/L138",
    journal = "Astrophys. J. Lett.",
    volume = "715",
    pages = "L138",
    year = "2010"
}
@article{Dominik:2012kk,
    author = "Dominik, Michal and Belczynski, Krzysztof and Fryer, Christopher and Holz, Daniel and Berti, Emanuele and Bulik, Tomasz and Mandel, Ilya and O'Shaughnessy, Richard",
    title = "{Double Compact Objects I: The Significance of the Common Envelope on Merger Rates}",
    eprint = "1202.4901",
    archivePrefix = "arXiv",
    primaryClass = "astro-ph.HE",
    doi = "10.1088/0004-637X/759/1/52",
    journal = "Astrophys. J.",
    volume = "759",
    pages = "52",
    year = "2012"
}
@article{Gerosa:2017kvu,
    author = "Gerosa, Davide and Berti, Emanuele",
    title = "{Are merging black holes born from stellar collapse or previous mergers?}",
    eprint = "1703.06223",
    archivePrefix = "arXiv",
    primaryClass = "gr-qc",
    doi = "10.1103/PhysRevD.95.124046",
    journal = "Phys. Rev. D",
    volume = "95",
    number = "12",
    pages = "124046",
    year = "2017"
}
@article{LIGOScientific:2014pky,
    author = "Aasi, J. and others",
    collaboration = "LIGO Scientific",
    title = "{Advanced LIGO}",
    eprint = "1411.4547",
    archivePrefix = "arXiv",
    primaryClass = "gr-qc",
    doi = "10.1088/0264-9381/32/7/074001",
    journal = "Class. Quant. Grav.",
    volume = "32",
    pages = "074001",
    year = "2015"
}
@article{LIGOScientific:2016wof,  
    author = "Abbott, Benjamin P and others",
    collaboration = "LIGO Scientific",
    title = "{Exploring the Sensitivity of Next Generation Gravitational Wave Detectors}",
    eprint = "1607.08697",
    archivePrefix = "arXiv",
    primaryClass = "astro-ph.IM",
    reportNumber = "LIGO-P1600143",
    doi = "10.1088/1361-6382/aa51f4",
    journal = "Class. Quant. Grav.",
    volume = "34",
    number = "4",
    pages = "044001",
    year = "2017"
}
@article{Buonanno:2002fy,
    author = "Buonanno, Alessandra and Chen, Yan-bei and Vallisneri, Michele",
    title = "{Detecting gravitational waves from precessing binaries of spinning compact objects: Adiabatic limit}",
    eprint = "gr-qc/0211087",
    archivePrefix = "arXiv",
    doi = "10.1103/PhysRevD.67.104025",
    journal = "Phys. Rev. D",
    volume = "67",
    pages = "104025",
    year = "2003",
    note = "[Erratum: Phys.Rev.D 74, 029904 (2006)]"
}
@article{Apostolatos:1994mx,
    author = "Apostolatos, Theocharis A. and Cutler, Curt and Sussman, Gerald J. and Thorne, Kip S.",
    title = "{Spin induced orbital precession and its modulation of the gravitational wave forms from merging binaries}",
    reportNumber = "GRP-382",
    doi = "10.1103/PhysRevD.49.6274",
    journal = "Phys. Rev. D",
    volume = "49",
    pages = "6274--6297",
    year = "1994"
}

@article{Margalit:2017dij,
    author = "Margalit, Ben and Metzger, Brian D.",
    title = "{Constraining the Maximum Mass of Neutron Stars From Multi-Messenger Observations of GW170817}",
    eprint = "1710.05938",
    archivePrefix = "arXiv",
    primaryClass = "astro-ph.HE",
    doi = "10.3847/2041-8213/aa991c",
    journal = "Astrophys. J. Lett.",
    volume = "850",
    number = "2",
    pages = "L19",
    year = "2017"
}
@article{LIGOScientific:2018jsj,
    author = "Abbott, B. P. and others",
    collaboration = "LIGO Scientific, Virgo",
    title = "{Binary Black Hole Population Properties Inferred from the First and Second Observing Runs of Advanced LIGO and Advanced Virgo}",
    eprint = "1811.12940",
    archivePrefix = "arXiv",
    primaryClass = "astro-ph.HE",
    reportNumber = "LIGO-P1800324",
    doi = "10.3847/2041-8213/ab3800",
    journal = "Astrophys. J. Lett.",
    volume = "882",
    number = "2",
    pages = "L24",
    year = "2019"
}
@article{Gompertz:2021xub,
    author = "Gompertz, B. P. and Nicholl, M. and Schmidt, P. and Pratten, G. and Vecchio, A.",
    title = "{Constraints on compact binary merger evolution from spin-orbit misalignment in gravitational-wave observations}",
    eprint = "2108.10184",
    archivePrefix = "arXiv",
    primaryClass = "astro-ph.HE",
    doi = "10.1093/mnras/stac029",
    journal = "Mon. Not. Roy. Astron. Soc.",
    volume = "511",
    number = "1",
    pages = "1454--1461",
    year = "2022"
}

@book{Creighton-book,
    author = "Creighton, Jolien and Anderson, Warren G.",
    publisher = "John Wiley $\&$ Sons, Ltd",
    isbn = {9783527636037},
    title = "Gravitational-Wave Physics and Astronomy: An Introduction to Theory, Experiment and Data Analysis",
    year = {2011},
    address = "Weinheim"
}

@article{Klimenko:2004qh,
    author = "Klimenko, S. and Mitselmakher, Guenakh",
    title = "{A wavelet method for detection of gravitational wave bursts}",
    doi = "10.1088/0264-9381/21/20/025",
    journal = "Class. Quant. Grav.",
    volume = "21",
    pages = "S1819--S1830",
    year = "2004"
}

@article{Klimenko:2011hz,
    author = "Klimenko, S. and Vedovato, G. and Drago, M. and Mazzolo, G. and Mitselmakher, G. and Pankow, C. and Prodi, G. and Re, V. and Salemi, F. and Yakushin, I.",
    title = "{Localization of gravitational wave sources with networks of advanced detectors}",
    eprint = "1101.5408",
    archivePrefix = "arXiv",
    primaryClass = "astro-ph.IM",
    reportNumber = "LIGO-P1000184",
    doi = "10.1103/PhysRevD.83.102001",
    journal = "Phys. Rev. D",
    volume = "83",
    pages = "102001",
    year = "2011"
}
@article{Blackman:2017pcm,
    author = "Blackman, Jonathan and Field, Scott E. and Scheel, Mark A. and Galley, Chad R. and Ott, Christian D. and Boyle, Michael and Kidder, Lawrence E. and Pfeiffer, Harald P. and Szil\'agyi, B\'ela",
    title = "{Numerical relativity waveform surrogate model for generically precessing binary black hole mergers}",
    eprint = "1705.07089",
    archivePrefix = "arXiv",
    primaryClass = "gr-qc",
    reportNumber = "YITP-17-44",
    doi = "10.1103/PhysRevD.96.024058",
    journal = "Phys. Rev. D",
    volume = "96",
    number = "2",
    pages = "024058",
    year = "2017"
}

@article{Harry:2009ea,
    author = "Harry, Ian W. and Allen, Bruce and Sathyaprakash, B. S.",
    title = "{A Stochastic template placement algorithm for gravitational wave data analysis}",
    eprint = "0908.2090",
    archivePrefix = "arXiv",
    primaryClass = "gr-qc",
    doi = "10.1103/PhysRevD.80.104014",
    journal = "Phys. Rev. D",
    volume = "80",
    pages = "104014",
    year = "2009"
}
@article{Babak:2008rb,
    author = "Babak, Stanislav",
    title = "{Building a stochastic template bank for detecting massive black hole binaries}",
    eprint = "0801.4070",
    archivePrefix = "arXiv",
    primaryClass = "gr-qc",
    doi = "10.1088/0264-9381/25/19/195011",
    journal = "Class. Quant. Grav.",
    volume = "25",
    pages = "195011",
    year = "2008"
}

@article{Babak:2006ty,
    author = "Babak, S. and Balasubramanian, R. and Churches, D. and Cokelaer, T. and Sathyaprakash, B. S.",
    title = "{A Template bank to search for gravitational waves from inspiralling compact binaries. I. Physical models}",
    eprint = "gr-qc/0604037",
    archivePrefix = "arXiv",
    doi = "10.1088/0264-9381/23/18/002",
    journal = "Class. Quant. Grav.",
    volume = "23",
    pages = "5477--5504",
    year = "2006"
}

@article{Owen:1998dk,
    author = "Owen, Benjamin J. and Sathyaprakash, B. S.",
    title = "{Matched filtering of gravitational waves from inspiraling compact binaries: Computational cost and template placement}",
    eprint = "gr-qc/9808076",
    archivePrefix = "arXiv",
    reportNumber = "GRP-505",
    doi = "10.1103/PhysRevD.60.022002",
    journal = "Phys. Rev. D",
    volume = "60",
    pages = "022002",
    year = "1999"
}

@article{Capano:2016dsf,
    author = "Capano, Collin and Harry, Ian and Privitera, Stephen and Buonanno, Alessandra",
    title = "{Implementing a search for gravitational waves from binary black holes with nonprecessing spin}",
    eprint = "1602.03509",
    archivePrefix = "arXiv",
    primaryClass = "gr-qc",
    doi = "10.1103/PhysRevD.93.124007",
    journal = "Phys. Rev. D",
    volume = "93",
    number = "12",
    pages = "124007",
    year = "2016"
}

@article{Roy:2017oul,
    author = "Roy, Soumen and Sengupta, Anand S. and Ajith, Parameswaran",
    title = "{Effectual template banks for upcoming compact binary searches in Advanced-LIGO and Virgo data}",
    eprint = "1711.08743",
    archivePrefix = "arXiv",
    primaryClass = "gr-qc",
    reportNumber = "LIGO Document P1700396, LIGO-DOCUMENT-P1700396",
    doi = "10.1103/PhysRevD.99.024048",
    journal = "Phys. Rev. D",
    volume = "99",
    number = "2",
    pages = "024048",
    year = "2019"
}
@article{Lenon:2021zac,
    author = "Lenon, Amber K. and Brown, Duncan A. and Nitz, Alexander H.",
    title = "{Eccentric binary neutron star search prospects for Cosmic Explorer}",
    eprint = "2103.14088",
    archivePrefix = "arXiv",
    primaryClass = "astro-ph.HE",
    doi = "10.1103/PhysRevD.104.063011",
    journal = "Phys. Rev. D",
    volume = "104",
    number = "6",
    pages = "063011",
    year = "2021"
}
@article{Khan:2015jqa,
    author = {Khan, Sebastian and Husa, Sascha and Hannam, Mark and Ohme, Frank and P\"urrer, Michael and Jim\'enez Forteza, Xisco and Boh\'e, Alejandro},
    title = "{Frequency-domain gravitational waves from nonprecessing black-hole binaries. II. A phenomenological model for the advanced detector era}",
    eprint = "1508.07253",
    archivePrefix = "arXiv",
    primaryClass = "gr-qc",
    doi = "10.1103/PhysRevD.93.044007",
    journal = "Phys. Rev. D",
    volume = "93",
    number = "4",
    pages = "044007",
    year = "2016"
}
@article{Husa:2015iqa,
    author = {Husa, Sascha and Khan, Sebastian and Hannam, Mark and P\"urrer, Michael and Ohme, Frank and Jim\'enez Forteza, Xisco and Boh\'e, Alejandro},
    title = "{Frequency-domain gravitational waves from nonprecessing black-hole binaries. I. New numerical waveforms and anatomy of the signal}",
    eprint = "1508.07250",
    archivePrefix = "arXiv",
    primaryClass = "gr-qc",
    doi = "10.1103/PhysRevD.93.044006",
    journal = "Phys. Rev. D",
    volume = "93",
    number = "4",
    pages = "044006",
    year = "2016"
}

@article{Acernese:2015gua,
    author = "Acernese, F.",
    editor = "Ciani, Giacomo and Conklin, John W. and Mueller, Guido",
    collaboration = "Virgo",
    title = "{The Advanced Virgo detector}",
    doi = "10.1088/1742-6596/610/1/012014",
    journal = "J. Phys. Conf. Ser.",
    volume = "610",
    number = "1",
    pages = "012014",
    year = "2015"
}
@article{Belczynski:2015tba,
    author = "Belczynski, Krzysztof and Repetto, Serena and Holz, Daniel E. and O'Shaughnessy, Richard and Bulik, Tomasz and Berti, Emanuele and Fryer, Christopher and Dominik, Michal",
    title = "{Compact Binary Merger Rates: Comparison with LIGO/Virgo Upper Limits}",
    eprint = "1510.04615",
    archivePrefix = "arXiv",
    primaryClass = "astro-ph.HE",
    doi = "10.3847/0004-637X/819/2/108",
    journal = "Astrophys. J.",
    volume = "819",
    number = "2",
    pages = "108",
    year = "2016"
}
@article{LIGOScientific:2016vpg,
    author = "Abbott, B. P. and others",
    collaboration = "LIGO Scientific, Virgo",
    title = "{Astrophysical Implications of the Binary Black-Hole Merger GW150914}",
    eprint = "1602.03846",
    archivePrefix = "arXiv",
    primaryClass = "astro-ph.HE",
    reportNumber = "LIGO-P1500262",
    doi = "10.3847/2041-8205/818/2/L22",
    journal = "Astrophys. J. Lett.",
    volume = "818",
    number = "2",
    pages = "L22",
    year = "2016"
}
@article{Stevenson:2017dlk,
    author = "Stevenson, Simon and Berry, Christopher P. L. and Mandel, Ilya",
    title = "{Hierarchical analysis of gravitational-wave measurements of binary black hole spin\textendash{}orbit misalignments}",
    eprint = "1703.06873",
    archivePrefix = "arXiv",
    primaryClass = "astro-ph.HE",
    doi = "10.1093/mnras/stx1764",
    journal = "Mon. Not. Roy. Astron. Soc.",
    volume = "471",
    number = "3",
    pages = "2801--2811",
    year = "2017"
}
@article{Talbot:2017yur,
    author = "Talbot, Colm and Thrane, Eric",
    title = "{Determining the population properties of spinning black holes}",
    eprint = "1704.08370",
    archivePrefix = "arXiv",
    primaryClass = "astro-ph.HE",
    doi = "10.1103/PhysRevD.96.023012",
    journal = "Phys. Rev. D",
    volume = "96",
    number = "2",
    pages = "023012",
    year = "2017"
}
@article{Rodriguez:2016vmx,
    author = "Rodriguez, Carl L. and Zevin, Michael and Pankow, Chris and Kalogera, Vasilliki and Rasio, Frederic A.",
    title = "{Illuminating Black Hole Binary Formation Channels with Spins in Advanced LIGO}",
    eprint = "1609.05916",
    archivePrefix = "arXiv",
    primaryClass = "astro-ph.HE",
    doi = "10.3847/2041-8205/832/1/L2",
    journal = "Astrophys. J. Lett.",
    volume = "832",
    number = "1",
    pages = "L2",
    year = "2016"
}
@article{Johnson-McDaniel:2021rvv,
    author = "Johnson-McDaniel, Nathan K. and Kulkarni, Sumeet and Gupta, Anuradha",
    title = "{Inferring spin tilts at formation from gravitational wave observations of binary black holes: Interfacing precession-averaged and orbit-averaged spin evolution}",
    eprint = "2107.11902",
    archivePrefix = "arXiv",
    primaryClass = "astro-ph.HE",
    doi = "10.1103/PhysRevD.106.023001",
    journal = "Phys. Rev. D",
    volume = "106",
    number = "2",
    pages = "023001",
    year = "2022"
}
@article{Chandra:2022ixv,
    author = "Chandra, Koustav and Calder\'on Bustillo, Juan and Pai, Archana and Harry, Ian",
    title = "{First gravitational-wave search for intermediate-mass black hole mergers with higher order harmonics}",
    eprint = "2207.01654",
    archivePrefix = "arXiv",
    primaryClass = "gr-qc",
    reportNumber = "LIGO-P2200182",
    month = "7",
    year = "2022"
}

@article{Schmidt:2014iyl,
    author = "Schmidt, Patricia and Ohme, Frank and Hannam, Mark",
    title = "{Towards models of gravitational waveforms from generic binaries II: Modelling precession effects with a single effective precession parameter}",
    eprint = "1408.1810",
    archivePrefix = "arXiv",
    primaryClass = "gr-qc",
    doi = "10.1103/PhysRevD.91.024043",
    journal = "Phys. Rev. D",
    volume = "91",
    number = "2",
    pages = "024043",
    year = "2015"
}
@article{Ajith:2009bn,
    author = "Ajith, P. and others",
    title = "{Inspiral-merger-ringdown waveforms for black-hole binaries with non-precessing spins}",
    eprint = "0909.2867",
    archivePrefix = "arXiv",
    primaryClass = "gr-qc",
    doi = "10.1103/PhysRevLett.106.241101",
    journal = "Phys. Rev. Lett.",
    volume = "106",
    pages = "241101",
    year = "2011"
}

@article{Finn:1992xs,
    author = "Finn, Lee Samuel and Chernoff, David F.",
    title = "{Observing binary inspiral in gravitational radiation: One interferometer}",
    eprint = "gr-qc/9301003",
    archivePrefix = "arXiv",
    reportNumber = "PRINT-93-0138 (NORTHWESTERN)",
    doi = "10.1103/PhysRevD.47.2198",
    journal = "Phys. Rev. D",
    volume = "47",
    pages = "2198--2219",
    year = "1993"
}

@article{Jaranowski:1998qm,
    author = "Jaranowski, Piotr and Krolak, Andrzej and Schutz, Bernard F.",
    title = "{Data analysis of gravitational - wave signals from spinning neutron stars. 1. The Signal and its detection}",
    eprint = "gr-qc/9804014",
    archivePrefix = "arXiv",
    doi = "10.1103/PhysRevD.58.063001",
    journal = "Phys. Rev. D",
    volume = "58",
    pages = "063001",
    year = "1998"
}

@ARTICLE{Spin-weighted-harmonics,
       author = {Goldberg \textit{et al.}, J.},
        title = "{Spin-s spherical harmonics}",
      journal = {Journal of Mathematical Physics},
         year = 1967,
        month = nov,
       volume = {8},
       number = {11},
        pages = {2155-2161},
          doi = {10.1063/1.1705135},
       adsurl = {https://ui.adsabs.harvard.edu/abs/1967JMP.....8.2155G},
      adsnote = {Provided by the SAO/NASA Astrophysics Data System}
}

@article{Pratten:2020fqn,
    author = "Pratten, Geraint and Husa, Sascha and Garcia-Quiros, Cecilio and Colleoni, Marta and Ramos-Buades, Antoni and Estelles, Hector and Jaume, Rafel",
    title = "{Setting the cornerstone for a family of models for gravitational waves from compact binaries: The dominant harmonic for nonprecessing quasicircular black holes}",
    eprint = "2001.11412",
    archivePrefix = "arXiv",
    primaryClass = "gr-qc",
    reportNumber = "LIGO-P2000018",
    doi = "10.1103/PhysRevD.102.064001",
    journal = "Phys. Rev. D",
    volume = "102",
    number = "6",
    pages = "064001",
    year = "2020"
}

@software{github,
author = {Dhurkunde, Rahul},
month = {11},
title = {{Data Release: Sensitivity of spin-aligned template banks to NSBH systems}},
howpublished = {\url{https://github.com/rahuldhurkunde/HM_plus_precession}},
version = {1.0.0},
year = {2022}
}



@article{Green:2020ptm,
    author = "Green, Rhys and Hoy, Charlie and Fairhurst, Stephen and Hannam, Mark and Pannarale, Francesco and Thomas, Cory",
    title = "{Identifying when Precession can be Measured in Gravitational Waveforms}",
    eprint = "2010.04131",
    archivePrefix = "arXiv",
    primaryClass = "gr-qc",
    reportNumber = "LIGO-P2000376",
    doi = "10.1103/PhysRevD.103.124023",
    journal = "Phys. Rev. D",
    volume = "103",
    number = "12",
    pages = "124023",
    year = "2021"
}
@article{OShaughnessy:2014shr,
    author = "O'Shaughnessy, R. and Farr, Benjamin and Ochsner, E. and Cho, Hee-Suk and Raymond, V. and Kim, Chunglee and Lee, Chang-Hwan",
    title = "{Parameter estimation of gravitational waves from precessing black hole-neutron star inspirals with higher harmonics}",
    eprint = "1403.0544",
    archivePrefix = "arXiv",
    primaryClass = "gr-qc",
    reportNumber = "LIGO-DCC-P1400020",
    doi = "10.1103/PhysRevD.89.102005",
    journal = "Phys. Rev. D",
    volume = "89",
    number = "10",
    pages = "102005",
    year = "2014"
}
@article{Farr:2017uvj,
    author = "Farr, Will M. and Stevenson, Simon and Coleman Miller, M. and Mandel, Ilya and Farr, Ben and Vecchio, Alberto",
    title = "{Distinguishing Spin-Aligned and Isotropic Black Hole Populations With Gravitational Waves}",
    eprint = "1706.01385",
    archivePrefix = "arXiv",
    primaryClass = "astro-ph.HE",
    reportNumber = "LIGO-P1700067",
    doi = "10.1038/nature23453",
    journal = "Nature",
    volume = "548",
    pages = "426",
    year = "2017"
}
@article{Vitale:2014mka,
    author = "Vitale, Salvatore and Lynch, Ryan and Veitch, John and Raymond, Vivien and Sturani, Riccardo",
    title = "{Measuring the spin of black holes in binary systems using gravitational waves}",
    eprint = "1403.0129",
    archivePrefix = "arXiv",
    primaryClass = "gr-qc",
    doi = "10.1103/PhysRevLett.112.251101",
    journal = "Phys. Rev. Lett.",
    volume = "112",
    number = "25",
    pages = "251101",
    year = "2014"
}
@article{Lang:2006bsg,
    author = "Lang, Ryan N. and Hughes, Scott A.",
    title = "{Measuring coalescing massive binary black holes with gravitational waves: The Impact of spin-induced precession}",
    eprint = "gr-qc/0608062",
    archivePrefix = "arXiv",
    doi = "10.1103/PhysRevD.75.089902",
    journal = "Phys. Rev. D",
    volume = "74",
    pages = "122001",
    year = "2006",
    note = "[Erratum: Phys.Rev.D 75, 089902 (2007), Erratum: Phys.Rev.D 77, 109901 (2008)]"
}
@article{Klein:2009gza,
    author = "Klein, Antoine and Jetzer, Philippe and Sereno, Mauro",
    title = "{Parameter estimation for coalescing massive binary black holes with LISA using the full 2PN gravitational waveform and spin-orbit precession}",
    eprint = "0907.3318",
    archivePrefix = "arXiv",
    primaryClass = "astro-ph.CO",
    doi = "10.1103/PhysRevD.80.064027",
    journal = "Phys. Rev. D",
    volume = "80",
    pages = "064027",
    year = "2009"
}
@article{Payne:2022spz,
    author = "Payne, Ethan and Hourihane, Sophie and Golomb, Jacob and Udall, Rhiannon and Udall, Richard and Davis, Derek and Chatziioannou, Katerina",
    title = "{Curious case of GW200129: Interplay between spin-precession inference and data-quality issues}",
    eprint = "2206.11932",
    archivePrefix = "arXiv",
    primaryClass = "gr-qc",
    reportNumber = "LIGO DCC: P2200185",
    doi = "10.1103/PhysRevD.106.104017",
    journal = "Phys. Rev. D",
    volume = "106",
    number = "10",
    pages = "104017",
    year = "2022"
}
@article{McIsaac:2023ijd,
    author = "McIsaac, Connor and Hoy, Charlie and Harry, Ian",
    title = "{Search technique to observe precessing compact binary mergers in the advanced detector era}",
    eprint = "2303.17364",
    archivePrefix = "arXiv",
    primaryClass = "gr-qc",
    reportNumber = "LIGO-P2300071",
    doi = "10.1103/PhysRevD.108.123016",
    journal = "Phys. Rev. D",
    volume = "108",
    number = "12",
    pages = "123016",
    year = "2023"
}
@article{Fairhurst:2019vut,
    author = "Fairhurst, Stephen and Green, Rhys and Hoy, Charlie and Hannam, Mark and Muir, Alistair",
    title = "{Two-harmonic approximation for gravitational waveforms from precessing binaries}",
    eprint = "1908.05707",
    archivePrefix = "arXiv",
    primaryClass = "gr-qc",
    reportNumber = "LIGO-P1900225",
    doi = "10.1103/PhysRevD.102.024055",
    journal = "Phys. Rev. D",
    volume = "102",
    number = "2",
    pages = "024055",
    year = "2020"
}
